3064 4966
720 336 962 400 -112-

252 498 325 558 doro
349 497 434 577 plane
459 492 640 580 dicuntur1),
670 501 736 576 quis
765 508 823 579 est,
851 502 903 579 qni
931 499 1115 578 disciplinam
1144 499 1221 559 illam
1249 503 1279 559 in
1310 503 1434 560 oriente

252 598 404 671 inuentam
429 603 459 655 et
482 614 497 654 a
522 594 675 656 Chaldaeis
698 597 857 678 praecipue
878 596 1023 658 excultam
1048 616 1113 658 esse
1137 595 1274 676 ignoret?
1311 597 1434 658 Deinde

251 695 328 754 sacri
351 693 430 754 illius
453 695 570 754 numeri
594 696 769 776 septenarii,
793 697 897 773 quiin
920 694 1109 756 Heliadarnm
1133 695 1230 755 fabula
1254 695 1435 776 offenditur,

252 800 361 870 quanta
384 791 462 872 apud
486 800 590 870 gentes
613 793 737 853 orientis
766 793 857 853 luerit
885 795 1045 854 auctoritas
1069 802 1157 873 atque
1182 794 1364 854 uerecundia
1393 812 1433 853 ex

252 898 366 969 septem
389 889 515 970 planetis
534 891 722 969 potissimum
746 891 908 971 colligitur,
931 909 947 950 a
971 891 1079 970 quibus
1103 891 1256 952 hominum
1280 891 1339 951 lata
1362 899 1434 952 tan-

251 1005 339 1066 quam
363 987 431 1048 duci
455 995 485 1047 et
508 989 571 1066 regi
595 987 731 1048 Chaldaei
757 989 964 1070 pernlgabant,
992 993 1070 1050 inter
1098 1007 1171 1067 quas
1201 989 1251 1048 Sol
1278 989 1358 1050 haud
1384 991 1434 1048 in·

252 1085 354 1145 fimum
377 1085 475 1145 locum
499 1079 688 1168 obtinebati)
735 1085 856 1146 Accedit
885 1087 963 1164 quod
987 1087 1131 1146 Macarem
1157 1096 1238 1146 certe
1262 1095 1291 1146 et
1314 1085 1434 1146 Canda-

206 1261 207 1264 ,
251 1183 311 1244 lum
336 1203 371 1243 ex
395 1185 510 1244 oriente
533 1184 684 1262 proiectos
710 1183 911 1263 peculiaribus
943 1187 1091 1246 euincitur
1119 1177 1337 1267 argumentis3)
1388 1187 1434 1244 Ac

250 1281 349 1342 Macar
368 1281 487 1360 quidem
506 1281 585 1342 idem
609 1290 697 1360 atque
720 1288 812 1364 'ipim
837 1281 980 1343 Hercules
1004 1282 1146 1363 Libycus,
1170 1284 1340 1362 Aegyptius,
1364 1281 1432 1342 Nu-

252 1379 388 1461 midicae,
410 1379 598 1461 Phoenicius,
622 1399 710 1458 quem
733 1381 894 1442 Pausanias
918 1379 944 1439 X
970 1378 1019 1461 17,
1044 1378 1064 1441 2
1092 1383 1225 1440 nominat
1251 1372 1432 1461 Mdanpcv3

253 1496 341 1556 quem
365 1477 463 1557 deum,
486 1495 665 1557 quocunque
690 1479 752 1538 lere
771 1478 936 1540 Phoenices
959 1477 1107 1558 appulisse
1132 1487 1162 1538 et
1185 1477 1333 1538 habitasse
1355 1497 1432 1538 con·

253 1583 319 1654 stat,
342 1578 475 1654 reperire
494 1579 615 1654 poteria.
652 1576 773 1637 Monere
795 1577 864 1638 licet
883 1575 1042 1636 Heracleae
1060 1577 1174 1636 Minoae
1195 1575 1311 1636 Siciliae
1331 1575 1432 1657 urbiS,
1519 1633 1521 1648 ,

240 1675 337 1736 culus
353 1683 440 1748 uetus
455 1692 563 1734 nomen
578 1673 692 1734 Macara
711 1675 803 1734 luisse
818 1673 930 1754 dicunt,
954 1668 1085 1758 (Heracl.
1099 1675 1183 1734 Pont.
1198 1671 1293 1733 XXIX
1303 1673 1334 1733 F.
1345 1673 1382 1734 H.
1393 1673 1430 1734 G.

250 1770 276 1830 ll
291 1791 318 1850 p.
334 1768 412 1832 220:
435 1763 581 1832 Μιναίαν
601 1763 663 1852 τὴν
682 1767 718 1833 ίν
732 1771 871 1854 Σικελίᾳ
886 1766 1053 1854 Μακάραν
1073 1765 1216 1833 ἐκάλουν
1234 1764 1429 1852 septinarium)
1519 1765 1521 1778 ’

250 1868 394 1929 Macariae
418 1868 551 1950 Cypriae,
574 1871 742 1931 Arcadicae.
780 1871 875 1950 Atque
900 1875 984 1936 inter,
1001 1871 1108 1950 Aegaei
1133 1872 1221 1930 maris
1244 1869 1357 1940 insulas
1382 1871 1429 1929 in·

250 1969 355 2046 primis
378 1966 680 2029 LesbumvPhoenicii
701 1968 781 2030 illius
800 1968 937 2030 Herculis
956 1969 1057 2030 sedem
1076 1987 1109 2030 ac
1129 1967 1311 2028 domicilium
1331 1967 1428 2028 luisse
1519 1989 1521 2028 t

250 2083 318 2126 cum
342 2064 378 2125 ab
398 2059 559 2150 Homero4)
585 2076 647 2128 tum
671 2066 790 2147 abipso
810 2067 938 2128 Diodoro
959 2069 1058 2148 discis,
1083 2069 1134 2145 qui
1152 2065 1280 2126 Hesiodo
1300 2073 1426 2126 auctore

249 2163 416 2224 Macareum
445 2163 578 2225 Crinacis
606 2166 699 2226 tilium
728 2173 866 2244 nepotem
897 2165 977 2226 louis
1005 2164 1131 2226 Olenum
1161 2163 1265 2224 urbem
1298 2161 1428 2222 Achaiae

249 2261 409 2321 incoluisse
437 2263 564 2323 atinde
593 2263 722 2325 Lesbum
751 2266 893 2343 migrasse
922 2265 1080 2324 memoriae
1106 2253 1261 2342 mandati)
1308 2259 1426 2330 Quibus
1519 2303 1521 2320 .

321 2490 347 2557 1)
367 2487 408 2560 Cf.
427 2487 580 2543 Diodorum
595 2490 613 2544 l.
629 2507 665 2545 σε
686 2487 748 2544 ολδ
776 2485 906 2544 Ἡλιάδαι
921 2484 1056 2557 διάφοροι
1070 2484 1240 2557 γενηθέντες
1258 2486 1313 2540 τῶν
1332 2482 1427 2540 ἄλλων
1520 2477 1521 2494 ’

249 2564 368 2639 μάλιστα
395 2563 426 2622 έν
449 2565 624 2642 άστρολοηίμ.
658 2565 854 2638 Είσημήσαντο
877 2567 908 2624 dt
934 2569 984 2623 καὶ
1006 2568 1071 2638 περὶ
1095 2568 1144 2636 τῆς
1166 2567 1312 2628 ναυτιλίας
1335 2563 1425 2620 πολλοὶ

253 2647 300 2702 καὶ
319 2643 354 2701 τά
373 2647 438 2717 περὶ
456 2648 506 2718 τῆς
526 2643 600 2718 ὥρας
619 2647 760 2714 διέταξαν.
1519 2701 1521 2724 ,

321 2730 349 2797 2)
368 2728 412 2782 Ab
432 2728 539 2783 oriente
557 2747 688 2784 numerus
707 2730 842 2800 septimus
861 2729 890 2782 iu
909 2727 1049 2798 Apollinis
1074 2745 1183 2796 quoque
1208 2729 1315 2782 cultum
1333 2729 1426 2783 trans·
1519 2735 1521 2808 ξ

249 2808 322 2862 latus
341 2811 392 2864 est.
429 2807 469 2862 Cf.
488 2809 720 2878 Brandisium‚
739 2809 785 2863 die
800 2809 895 2864 sieben
908 2809 999 2864 Thore
1014 2809 1150 2875 thebeus,
1165 2809 1281 2862 Hermes
1296 2807 1321 2860 ΙΙ
1335 2805 1425 2864 aoeff.
1519 2811 1521 2846 f

322 2891 348 2957 3)
367 2887 398 2941 ln
412 2888 571 2943 nominibus
590 2889 771 2944 Heliodorum
791 2889 984 2944 enumerandis
1002 2888 1169 2943 scholiastae
1188 2886 1302 2942 Pindari
1318 2887 1360 2944 Ol.
1372 2887 1427 2942 VII

250 2974 390 3022 131-135
405 2970 433 3022 et
447 2984 465 3020 a
479 2969 601 3024 Diodoro
616 2973 645 3024 et
662 2969 736 3024 inter
755 2987 784 3025 se
804 2969 978 3024 dissentiunt.
1012 2970 1103 3038 Atque
1123 2985 1219 3023 ornnes
1238 2967 1425 3024 Phaethontis

186 3053 189 3057 '
248 3064 350 3102 nomen
369 3048 515 3103 intrudunt
534 3051 646 3105 auctore
666 3053 697 3105 ut
715 3050 826 3104 uidetur
844 3050 1004 3117 Hellanieo‚
1028 3048 1076 3117 qui
1096 3049 1159 3104 eum
1179 3047 1300 3117 Tenagis
1324 3048 1388 3102 loco
1408 3065 1425 3101 a

248 3128 380 3182 fratribus
404 3128 488 3184 occisi
519 3131 675 3198 substituit3
703 3131 737 3185 cf.
761 3131 847 3184 schol.
871 3131 950 3187 Pind.
973 3129 1026 3183 Vll
1045 3135 1109 3183 135:
1134 3125 1222 3184 Ἁλίου
1246 3127 1295 3182 καὶ
1319 3122 1422 3182 Ῥόδον

217 3255 218 3259 ,
250 3202 333 3276 (οὕτω
353 3204 407 3277 γάρ
426 3203 518 3280 αὐτὴν
543 3214 627 3265 καλεῖ
642 3205 814 3280 Ἑλλάνικος)
840 3205 910 3264 έκτά
934 3213 1035 3272 παῖδας
1058 3211 1185 3278 γίνονται
1204 3205 1328 3278 Ὄχιμος,
1351 3205 1422 3274 Κέρ-

251 3308 351 3358 καφος,
368 3284 459 3354 Marde,
479 3286 642 3359 Μακαρεύς,
664 3285 819 3356 Κάνδαλος,
841 3287 977 3359 Τριέτης,
999 3287 1121 3344 Φαέθων
1141 3285 1155 3342 ὁ
1175 3284 1323 3356 νεώτατος,
1343 3281 1376 3341 ὃν
1396 3283 1425 3340 σί

249 3365 281 3421 έν
305 3369 339 3438 τῇ
363 3365 440 3441 νήσῳ
464 3365 635 3440 ὀνομάζουσι
655 3359 792 3440 Τενάγην.
831 3369 871 3424 Of.
894 3368 1135 3424 Mouersium
1155 3369 1172 3422 l.
1193 3387 1215 3422 c.
1235 3370 1295 3422 112
1315 3387 1342 3437 p.
1361 3373 1422 3421 293.

250 3448 342 3502 Ceteri
368 3450 536 3504 scholiastae
561 3450 736 3505 Hellanienm
761 3451 803 3504 ita
825 3451 979 3518 sequuntur
1001 3451 1033 3503 ut
1064 3465 1119 3518 qua
1141 3465 1226 3502 causa
1248 3450 1341 3502 motus
1371 3464 1423 3516 pro
1518 3459 1521 3472 ·

250 3528 363 3598 Tenage
380 3529 429 3583 ille
445 3530 650 3584 Phaethontem
664 3531 793 3585 attulerit
810 3547 867 3584 non
880 3529 1077 3599 intellegentes
1091 3531 1202 3598 praeter
1216 3529 1422 3582 Phaethontem

249 3613 405 3664 memorent
419 3610 504 3664 etiam
515 3611 665 3680 Tenagem.
679 3611 900 3664 ,Animaduertas
914 3627 981 3663 uero
996 3609 1032 3662 ab
1047 3608 1175 3663 omnibus
1189 3610 1247 3662 fere
1263 3607 1428 3662 scholiastis'

248 3688 363 3742 Pindari
387 3690 591 3744 Phaethontem
611 3689 668 3745 dici
690 3693 759 3744 natu
782 3690 930 3744 minorem:
961 3689 994 3744 cf.
1014 3689 1139 3742 fabulam
1158 3688 1271 3758 losephi
1294 3687 1323 3740 in
1344 3686 1423 3741 libris

251 3767 353 3823 diuinis
368 3769 530 3824 exhibitam.
564 3769 734 3824 Manendum
754 3769 840 3824 etiam
859 3769 945 3824 schol.
965 3769 1009 3823 ad.
1028 3768 1060 3824 Ii.
1077 3771 1101 3823 O
1116 3773 1168 3822 544
1187 3769 1329 3837 Tenagem
1348 3765 1422 3823 tradi
1520 3805 1521 3810 =

249 3849 349 3904 aeolo
373 3850 595 3904 Macaretratre
623 3867 684 3905 esse
708 3851 837 3905 occisum.
885 3849 992 3903 Soteris
1020 3847 1216 3916 Heliadarum‚
1242 3847 1422 3917 Electryones
1520 3921 1521 3926 ἵ

248 3945 349 3984 nomen
369 3930 479 3999 spectat
498 3931 533 3984 ad
550 3925 694 4000 Ἡλέκτσρ,
713 3930 788 4000 quod
807 3930 923 3984 uerbum
941 3927 1069 3998 fulgendi
1087 3928 1146 3982 uim
1165 3929 1258 3983 habet,
1303 3925 1305 3930 '

320 4013 348 4079 4)
366 4009 398 4067 ΙΙ,
420 4013 444 4065 0
463 4015 527 4065 544:
549 4005 663 4065 “'Ocoov
682 4010 788 4082 Λέσβος
806 4004 866 4064 άνω
885 4004 1025 4077 Μάκαρος
1044 4006 1107 4072 aaut
1127 4004 1207 4071 ἐντὸς
1227 4003 1346 4077 ἕέρνει’.’

321 4091 447 4158 mitiori.
467 4092 492 4146 V
512 4098 558 4144 81:
579 4082 628 4144 Ἦν
647 4085 675 4142 δ’
697 4087 712 4144 ὁ
732 4085 888 4158 Μακαρεὺς
907 4084 970 4151 υίὸς
988 4087 1041 4159 μέν
1060 4085 1205 4158 Κρινάκου
1224 4089 1274 4143 τοῦ
1294 4083 1364 4150 Διὸς
1382 4081 1420 4149 cis
1520 4125 1521 4128 =

249 4189 335 4239 φησιν
349 4166 476 4233 Ἡσίοδος
494 4171 543 4225 καὶ
562 4166 640 4224 άλλοι
658 4169 732 4233 τινές
751 4171 806 4224 τάν
832 4169 971 4238 ποιητῶν,
994 4175 1134 4223 κατοικῶν
1153 4165 1181 4222 δ’
1203 4165 1234 4224 έν
1251 4165 1351 4240 Ὠλένῳ
1370 4168 1419 4235 τῆς

248 4245 311 4304 τότε
331 4249 384 4320 μέν
400 4245 497 4317 Ἰάδος,
516 4251 570 4305 νῦν
589 4245 617 4304 δ’
636 4245 744 4320 Ἀχαίας
762 4249 938 4320 καλουμένης
957 4291 962 4301 .
979 4289 1007 4302 ..
1041 4247 1098 4302 Καὶ
1116 4245 1147 4303 τὰ
1168 4245 1220 4317 μέν
1238 4247 1350 4314 πρῶτον
1368 4241 1420 4313 τὴν

250 4329 358 4401 Λέσβον
377 4324 530 4404 κατῴκησε,
550 4326 620 4402 μετὰ
640 4328 672 4384 δὲ
687 4331 778 4385 ταῦτα
793 4325 839 4385 ast
853 4330 956 4399 μᾶλλον
971 4322 1128 4395 αὐξόμενος
1142 4323 1191 4381 διά
1205 4346 1234 4380 τε
1249 4320 1301 4394 τὴν
1316 4320 1420 4394 άρετὴν

248 4408 298 4478 τῆς
315 4407 403 4478 νήσου
423 4409 472 4465 καὶ
490 4408 541 4480 τὴν
560 4409 637 4466 ίιλίαν
656 4406 814 4466 ἐπιείκειάν
832 4430 861 4465 τε
881 4409 929 4464 καὶ
948 4404 1133 4477 δικαιοσύνην
1147 4404 1198 4470 τάς
1216 4403 1354 4474 σύνεγγυς
1372 4401 1420 4474 νή-
