3064 4966
693 337 935 400 -102-

130 535 139 547 x
232 501 396 562 reddidisse
425 494 563 584 narrat.¹)
618 501 758 580 Idemque
799 502 936 579 proditur
966 501 1060 580 Etym.
1089 501 1125 560 M.
1151 519 1173 561 s.
1197 521 1224 562 u.
1253 493 1405 579 θέλγειν.

231 595 287 661 καὶ
318 600 470 679 Τελχῖνες
497 601 651 678 θελχῖνες
677 595 865 671 toricatos·
892 591 932 660 τὰ
955 592 1018 681 γὰρ
1046 593 1218 662 θάλλοντα
1242 611 1324 678 φασι
1346 597 1406 677 βα-

233 697 426 769 σκαίνοντες
456 704 526 770 τοῖς
557 689 658 758 ὕδασι
685 695 742 777 τῆς
770 693 901 776 φύσεως
928 684 994 758 αὖα
1026 693 1163 760 ἐποίουν
1196 693 1257 772 ἕως
1288 694 1408 776 φυτῶν

232 794 469 874 βασκαίνοντες
492 804 522 855 et
546 795 651 855 Strabo
676 793 738 853 XIV
762 815 790 874 p.
814 791 893 855 654:
925 794 1102 874 Τελχίνων,
1126 787 1185 868 οὓς
1208 793 1243 856 ὀί
1263 789 1323 875 μὲν
1347 794 1407 873 βαὶ

233 887 379 966 σκόνους
392 887 476 971 φασί
490 886 544 952 καὶ
567 885 690 972 γόητας
704 939 711 952 .
726 939 733 953 .
749 941 755 953 .
779 893 863 974 θείῳ
886 889 1128 974 καταρρέοντας
1145 885 1183 954 τὸ
1202 891 1259 972 της
1274 885 1409 971 Στυγὸς

233 984 326 1070 ὕδωρ
356 984 449 1066 ζώων
475 1010 509 1050 τε
536 985 591 1051 καί
620 987 735 1070 φυτῶν
764 981 910 1071 ὀλέθρου
938 984 1051 1071 χάριν,
1081 1026 1121 1036 -
1151 989 1187 1052 oi
1212 985 1249 1051 dh
1276 987 1408 1071 τέχναις

235 1085 457 1172 διαφέροντας
478 1079 679 1151 τούναντίον
698 1080 762 1149 ὑπὸ
783 1086 849 1149 τῶν
869 1079 1070 1169 ἀντιτέχνων
1088 1088 1326 1170 βασκανθηναι
1349 1083 1408 1148 καὶ

233 1186 291 1268 τῆς
315 1185 507 1268 δυσφημίας
529 1195 641 1266 τυχεῖν
659 1179 790 1266 ταύτης,
814 1182 928 1247 ἐλθεῖν
952 1179 983 1246 d'
1001 1185 1036 1248 ἐκ
1051 1184 1183 1269 Κρήτης
1202 1186 1248 1260 είς
1263 1181 1409 1267 Κύπρον

233 1283 377 1366 πρῶτον,
397 1275 455 1346 είτ’
477 1283 524 1358 είς
541 1276 671 1362 Ῥόδον,
689 1280 840 1365 πρώτους
859 1275 890 1345 d'
912 1278 1119 1366 ἐργάσασθαι
1139 1277 1281 1366 σιδηρόν
1298 1301 1332 1344 τε
1350 1279 1407 1344 καὶ

234 1375 358 1464 χαλκὸν
380 1376 435 1443 καί
459 1375 500 1462 δὴ
524 1377 578 1443 καὶ
602 1378 662 1464 τὴν
686 1375 797 1464 ἅρπην
819 1381 864 1468 τῳ
890 1377 1013 1467 Κρόνῳ
1037 1382 1288 1465 δημιουρχῆσαι.

323 1481 418 1559 Atque
448 1481 563 1541 artibus
591 1490 709 1560 praeter
738 1489 853 1557 ceteros
882 1483 1060 1544 excellentes
1088 1487 1220 1544 extitisse
1249 1483 1406 1543 Telchines

185 1621 188 1628 ·
234 1579 408 1641 Eustathius
441 1598 559 1658 quoque
589 1580 624 1639 ad
653 1579 770 1658 Dionys.
795 1579 909 1658 Perieg.
934 1578 999 1642 504
1027 1590 1166 1660 testatur,
1199 1585 1250 1661 qui
1282 1592 1312 1642 et
1344 1583 1409 1660 ipse

235 1680 332 1739 Crono
350 1678 478 1738 iaculum
494 1678 643 1737 hamatum
658 1677 694 1737 ab
714 1681 757 1736 eIs
777 1678 950 1740 fabricatum
971 1699 1036 1739 esse
1056 1681 1145 1740 tradit
1164 1690 1194 1740 et
1212 1680 1409 1740 Callimachus

234 1778 262 1836 h.
286 1779 317 1836 in
341 1776 401 1836 Ilel.
426 1773 482 1855 31,
511 1795 526 1834 a
550 1794 609 1854 quo
639 1776 965 1854 Neptuno'tridentem
995 1779 1100 1837 iecisse
1124 1777 1299 1856 produntur.
1347 1777 1409 1836 Nec

235 1893 308 1935 uero
336 1893 395 1934 non
424 1873 459 1933 de
492 1873 582 1932 rebus
611 1873 747 1934 humanis
776 1875 926 1946 interdum
955 1875 1029 1935 bene
1060 1894 1124 1936 esse
1149 1878 1270 1936 meritos
1295 1875 1410 1935 artibus

217 2009 220 2013 -
237 1974 299 2032 suis
318 1970 456 2032 adhibitis
476 1970 633 2030 Telchines
653 1972 823 2051 existImari,
844 1973 1010 2050 exemplum
1030 1973 1117 2032 docet
1135 1973 1279 2054 Mylantis,
1299 1976 1409 2052 quippe

237 2071 287 2148 qni
302 2061 481 2149 Hesychiol)
494 2075 527 2127 et
542 2067 692 2147 Stephano
707 2063 806 2150 Byz.⁸)
822 2071 993 2130 auctoribus
1009 2070 1100 2130 molas
1117 2073 1268 2131 inuenisse
1283 2071 1408 2130 dicatur.

326 2165 404 2227 Haec
428 2168 597 2227 testimonia
621 2168 647 2225 si
675 2173 773 2226 tecum
798 2171 985 2246 reputaueris
1013 2170 1124 2248 omnia,
1150 2168 1307 2228 Telchines
1335 2170 1411 2228 mari

236 2275 321 2327 natos
349 2267 461 2345 putari,
490 2283 593 2323 sorore
622 2267 665 2324 uti
693 2264 788 2345 Halia,
817 2265 915 2324 lutura
943 2265 1073 2344 Neptuni
1104 2266 1423 2346 rnore,.Neptunum.

236 2365 373 2444 educare,
397 2365 504 2422 artium
529 2380 594 2421 esse
619 2364 730 2440 peritos
750 2369 886 2422 naturam
909 2362 1066 2422 humanam
1090 2363 1175 2441 longe
1195 2365 1411 2441 superantium,

237 2464 300 2523 fieri
329 2480 402 2532 non,
416 2463 540 2541 poterit,
569 2462 640 2538 quin
669 2459 723 2519 tibi
750 2459 930 2538 persuadeas
959 2462 1231 2520 uetustissimorum
1260 2479 1311 2520 eos
1337 2469 1411 2521 tem-

236 2579 342 2640 porum
366 2559 524 2618 daemones
543 2559 635 2618 fuisse
655 2565 776 2618 naturae
796 2559 951 2617 maximam
970 2565 1085 2636 partem
1104 2557 1246 2636 malignae
1266 2576 1281 2616 a
1300 2558 1411 2636 populo

237 2661 301 2736 ipso
324 2660 463 2718 inuentos
488 2664 608 2716 etcum
632 2653 769 2733 Neptuno
793 2657 883 2714 maris
907 2655 1025 2714 domino
1049 2663 1130 2715 arcte
1154 2655 1356 2716 cohaerentes.

327 2754 412 2825 erod
442 2756 521 2814 enim
549 2753 841 2831 Neptunitanquam
866 2753 967 2814 lamuli
994 2761 1024 2813 et
1052 2755 1188 2834 comites,
1216 2753 1295 2832 quod
1320 2756 1412 2814 simu-

238 2854 386 2914 lacrorum
405 2853 575 2912 diuinorum
595 2852 726 2911 existunt
749 2850 950 2932 fabricatores,
975 2851 1139 2912 mirandum
1161 2860 1293 2932 nonest,
1317 2871 1411 2930 quon-

237 2955 295 3011 iam
315 2950 387 3010 alios
407 2967 534 3028 quoque,
549 2956 583 3009 ut
601 2947 725 3008 Curetes
745 2957 775 3008 et
794 2948 975 3028 Corybantes
994 2951 1058 3009 Ioui
1077 2956 1107 3008 et
1126 2948 1224 3008 Rheae
1244 2951 1410 3009 inseruien-

239 3060 284 3109 tes
307 3048 485 3125 illorumque
510 3046 673 3105 simillimos
698 3048 841 3124 cogitatos
864 3048 956 3111 luisse
980 3054 1083 3105 notum
1107 3055 1160 3105 cst.

271 3139 274 3144 ’
327 3146 463 3206 Attamen
478 3137 642 3226 luerunt4),
667 3146 718 3222 (μή
732 3152 850 3222 gentem
866 3143 993 3222 aliquam
1007 3142 1204 3221 Peloponnesi
1222 3146 1413 3222 potissimum

310 3302 337 3367 1)
357 3299 480 3366 Duobus,
500 3314 572 3366 quae
591 3298 735 3366 comperta
753 3296 896 3364 habemus,
916 3295 1082 3348 Telchinum
1100 3294 1260 3348 nominibus
1275 3296 1368 3365 Mylae
1384 3300 1414 3350 et

239 3379 308 3450 Lyci
327 3380 444 3434 Nonnus
466 3377 576 3432 addidit
600 3376 722 3431 Scelmin
747 3377 776 3429 et
799 3376 1049 3440 Damnameneum;
1078 3374 1112 3427 ef.
1137 3374 1201 3428 XIV
1225 3381 1272 3428 39:
1308 3368 1412 3431 *Ἦλθε

238 3457 332 3521 Λύκος
350 3458 399 3512 καὶ
417 3455 539 3526 Σκέλμις
558 3453 697 3525 ἐφέσπετο
718 3455 930 3524 Δαμναμενῆι’.
965 3455 1019 3508 Sed
1038 3472 1101 3508 cum
1120 3470 1137 3508 a
1155 3453 1290 3522 pluribus,
1310 3456 1414 3524 quibus

241 3540 341 3594 Strabo
359 3556 424 3593 usus
444 3538 496 3606 est,
515 3537 675 3591 auctoribus
693 3537 820 3604 Dactylis
839 3534 929 3590 Idaeis
948 3534 1123 3588 ascribantur
1141 3533 1175 3586 ci.
1197 3533 1288 3588 Strab.
1306 3533 1332 3586 X
1346 3542 1414 3590 473:

240 3616 338 3674 ‘o't‘iloc
357 3615 385 3673 δ’
406 3613 495 3679 ἄλλως
513 3615 672 3687 μυθεύουσι
697 3649 729 3657 -
754 3612 902 3684 διαφόροις
927 3612 958 3668 δὲ
978 3614 1026 3667 καὶ
1045 3608 1165 3682 ὀνόμασι
1183 3613 1232 3666 καὶ
1251 3620 1310 3676 τοῖς
1328 3610 1414 3684 α’ριθ-

240 3706 303 3769 μοῖς
321 3699 451 3768 χρῶνται,
469 3688 509 3752 ὦν
523 3695 629 3766 Κέλμιν
649 3692 822 3765 όνομάζονοί
837 3715 900 3749 τινα
915 3693 964 3749 καὶ
978 3690 1170 3762 Δαμναμενέα
1184 3693 1263 3746 etc':
1283 3696 1415 3763 quamuis

240 3797 274 3835 ex
293 3781 346 3834 hoc
364 3779 426 3848 ipso
445 3778 508 3833 loco
528 3777 677 3846 scriptores
694 3775 824 3844 antiquos
843 3775 916 3829 inter
930 3791 958 3828 se
974 3772 1136 3826 dissensisse
1154 3775 1295 3840 appareat,
1317 3776 1415 3829 tamen

240 3861 341 3915 Nonno
361 3861 393 3914 ut
410 3857 478 3912 testi
495 3855 659 3912 recentioris
679 3856 779 3910 aetatis
799 3854 910 3908 cauebis
929 3853 1045 3906 nimium
1064 3851 1185 3904 tribuas:
1209 3851 1328 3907 forsitan
1347 3854 1413 3907 Tel-

240 3939 335 3994 chines
354 3956 418 3993 cum
437 3936 564 4005 Dactylis
583 3936 673 3990 Idaeis
692 3951 709 3989 a
727 3935 826 3988 Nonno
849 3933 904 3988 sint
922 3931 1038 3986 confusi.

312 4021 340 4088 2)
359 4018 400 4072 Cf.
420 4035 441 4072 s.
461 4036 487 4071 u.
506 4011 620 4078 Μύλας·
645 4014 685 4078 εἷς
709 4015 764 4068 τόν
786 4015 937 4082 Τελχίνων,
962 4005 992 4072 ὃς
1009 4007 1044 4064 τὰ
1065 4007 1096 4063 έν
1114 4011 1248 4082 Καμείρῳ
1266 4008 1331 4080 ἱερὰ
1351 4018 1416 4066 Mv·

241 4099 377 4154 λαντείων
397 4094 537 4167 idoaldum.
1306 4165 1308 4171 ,

313 4180 340 4248 3)
361 4177 387 4236 S.
406 4197 433 4234 u.
453 4179 615 4232 Μνλαντία·
640 4173 714 4244 ἄκρα
735 4169 766 4227 έν
785 4173 901 4242 Καμίρῳ
924 4171 973 4238 τῆς
992 4166 1098 4223 Ῥόδον.
1135 4165 1309 4227 Μνλοίντειοι
1333 4174 1416 4224 θεοί·

242 4255 298 4313 ἀπὸ
323 4255 476 4320 Μόλαντος
498 4253 647 4327 ἀμφότερα
671 4256 721 4309 τοῦ
747 4253 795 4306 καί
818 4247 928 4318 πρώτου
953 4245 1085 4317 εὑρόντος
1109 4243 1140 4301 ἐν
1163 4248 1201 4320 τῷ
1222 4249 1272 4320 βίῳ
1291 4244 1344 4318 τὴν
1363 4254 1416 4306 τοῦ

242 4335 330 4409 μύλου
349 4340 455 4408 χρῆσιν.

312 4421 340 4489 4>
359 4419 443 4474 Velut
461 4417 574 4474 Lobeclr
592 4417 610 4470 l.
631 4433 653 4470 c.
