3064 4966
600 299 839 364 ..·129...

127 461 301 522 obtinentes
324 469 356 522 et
378 461 414 522 ab
437 460 574 522 hostibus
597 461 799 543 defendentes
822 472 973 541 pestremo
996 471 1096 524 autem
1119 463 1302 524 aduersarlo-

125 577 199 620 rum
214 557 282 618 dolo
296 561 429 638 superati
448 562 569 638 regione
593 561 734 620 cedentes
752 559 909 639 tingantur,
933 558 1017 639 Dicty
1031 559 1167 621 Cretensi
1180 568 1303 621 auctore

125 673 192 715 non
219 654 255 716 ad
282 656 409 717 insulam
437 657 638 736 occerpandam
666 656 718 717 scd
746 655 782 716 ad
810 656 951 718 auxilium
978 657 1114 720 Troianis
1146 659 1303 721 fereadum

125 751 221 814 Phala
248 753 323 814 duce
352 772 369 813 a
391 753 546 814 Memnone
575 756 734 815 mittuntur
760 756 791 814 in
820 771 915 833 eoque
942 757 1049 817 itinere
1078 757 1201 818 fortuito
1224 755 1301 817 Rho·

125 850 202 910 dum
226 849 385 930 appellunt.
432 850 551 922 Quare
575 854 692 931 cognita
718 850 823 912 Graeci
845 871 914 912 cum
936 853 966 914 id
990 856 1115 914 maxime
1139 861 1239 934 agant,
1270 862 1303 916 ut

125 951 291 1028 quominus
321 948 457 1010 Troianis
485 957 663 1010 succurrant
689 948 853 1010 Phoenices
882 950 1056 1029 impediant,
1083 961 1240 1033 postquam
1269 962 1303 1013 ut

124 1046 251 1108 Phalam
278 1047 385 1108 ducem
412 1049 620 1108 interimerent
646 1046 705 1106 illis
734 1056 949 1126 persuaserunt
977 1067 1112 1128 quaeque
1141 1050 1303 1112 uoluerunt

125 1147 274 1226 effecere,
307 1152 422 1206 tautum
450 1144 533 1206 abest
560 1154 595 1206 ut
621 1144 717 1206 insula
744 1162 796 1204 eos
824 1147 946 1227 eiciant,
977 1155 1012 1208 ut
1039 1165 1141 1209 secum
1168 1147 1301 1210 habitare

124 1241 297 1323 opibusque
322 1246 384 1306 suis
408 1245 467 1304 lrui
489 1242 603 1322 placide
627 1244 787 1323 patiantur.

1 1401 2 1426 χ
219 1341 261 1402 hc
279 1344 409 1421 primum
429 1341 548 1420 quidem
562 1347 597 1402 nt
610 1344 810 1403 narrationem
824 1341 930 1421 Ergiae
945 1351 976 1404 et
989 1343 1115 1424 Polyzeli
1129 1364 1165 1406 ex
1182 1346 1298 1408 histori-

1 1433 2 1472 ἶ
62 1451 66 1456 ·
123 1441 184 1518 eis,
205 1447 239 1500 ut
257 1441 297 1500 ita
312 1439 417 1520 dicam,
440 1437 639 1499 fundamentis
661 1441 826 1518 protectam
839 1449 870 1502 et
883 1443 1017 1520 ipsorum
1030 1441 1215 1506 Rhodiorum
1233 1464 1301 1525 pro-

120 1539 224 1616 priam
243 1539 283 1597 ita
302 1537 421 1616 Dietyos
435 1536 586 1597 Cretensis
606 1536 734 1598 tabulam
753 1557 770 1599 a
788 1539 884 1602 doctis
907 1541 1129 1621 mythographis
1149 1544 1301 1604 inuentam

121 1633 179 1694 uel
201 1636 232 1694 iu
251 1652 316 1694 eam
335 1652 393 1713 qua
412 1642 493 1695 extat
511 1635 635 1695 formam
654 1635 804 1696 redactam
823 1655 888 1698 esse
908 1645 967 1698 tam
986 1638 1154 1700 luculenter
1172 1651 1303 1724 apparet,

122 1741 161 1792 ut
185 1731 215 1790 id
238 1735 421 1811 argumentis
444 1733 619 1793 confirmare
643 1733 764 1813 longum
788 1742 876 1814 atque
900 1735 1085 1814 superfluum
1109 1740 1156 1798 sit.
1197 1736 1301 1818 Neque

122 1829 202 1890 illud
217 1829 335 1890 difficile
351 1838 397 1890 est
410 1829 572 1911 intellectu,
588 1850 645 1910 qua
660 1833 779 1894 tandem
793 1835 906 1893 ratione
922 1832 1020 1894 tabula
1034 1833 1153 1914 Dictpos
1170 1839 1303 1915 potuerit

122 1929 210 1988 oriri.
255 1927 460 2008 Mythographi
484 1931 563 1988 enim
587 1929 676 2011 docti,
702 1951 771 1994 cum
794 1932 1033 2012 Polydamantem
1056 1931 1220 1994 Phoenices
1242 1933 1301 1995 lle·

121 2027 245 2085 nunonis
267 2027 393 2104 imperio
417 2033 505 2104 atque
529 2029 671 2106 auspiciis
690 2028 810 2090 Troiam
830 2029 950 2090 duxisse
975 2031 1193 2092 recentioribus
1213 2031 1301 2092 Grae·

120 2139 231 2182 corum
250 2121 357 2182 tabulis
376 2122 453 2183 tradi
472 2119 651 2206 atterere),
673 2124 912 2206 Polydamanteut
931 2127 1013 2188 illum
1031 2128 1150 2207 quidem
1170 2151 1185 2190 e
1206 2129 1303 2191 tabula

121 2239 188 2280 non
220 2229 411 2302 amnuerunt,
435 2221 496 2303 ¹sed
527 2222 693 2285 Phoenices
720 2227 795 2284 mari
822 2227 854 2285 in
884 2225 995 2286 bellum
1021 2225 1246 2305 proficiscentes
1271 2229 1301 2288 iu

121 2337 221 2398 eaque
242 2319 432 2398 expeditione
449 2320 588 2382 Rhodum
606 2340 699 2382 naues
717 2323 899 2403 appellentes
919 2325 1065 2405 lecerunt,
1088 2327 1198 2404 quippe
1222 2325 1301 2402 quod
1366 2367 1368 2370 -

122 2419 291 2496 antiquitus
315 2417 544 2480 celeberrimum
563 2437 668 2480 eorum
686 2423 853 2499 emporium
875 2423 967 2482 tuisse
987 2431 1145 2483 constaret.
1182 2421 1302 2484 Phalam

122 2525 226 2576 autem
254 2515 361 2576 ducem
389 2517 481 2577 fuisse
505 2535 540 2577 eo
564 2517 680 2579 facilius
704 2519 887 2579 commoneri
909 2525 1048 2598 poterant
1070 2526 1105 2579 ut
1131 2519 1302 2602 proderent,

123 2613 207 2692 quod
234 2615 265 2673 in
293 2613 478 2676 Rhodiorum
505 2614 612 2676 fabulis
640 2614 775 2677 eiusdem
798 2617 927 2676 nominis
954 2619 1095 2696 princeps
1118 2615 1302 2679 Phoenicum

125 2710 313 2772 occurrebat.
1202 2702 1228 2746 ⁸

215 2808 297 2880 Quae
321 2829 389 2871 cum
411 2812 453 2872 ita
476 2813 550 2892 sint,
579 2813 638 2872 iam
660 2812 837 2891 perquirere
860 2829 877 2871 e
900 2829 934 2871 re
958 2813 1029 2893 erit,
1057 2819 1159 2873 utrum
1182 2815 1223 2894 ei,
1251 2816 1303 2894 qui

123 2907 202 2968 hanc
225 2907 354 2968 fabulam
378 2907 610 2990 fabricauerunt‚
633 2907 669 2968 ab
693 2910 737 2968 eis
761 2909 977 2991 tantummodo,
1001 2927 1077 2988 quae
1100 2909 1136 2970 ab
1159 2909 1249 2990 Ergia
1272 2919 1302 2972 et

122 3003 258 3084 Polyzelo
287 3005 323 3066 de
353 3005 516 3067 Phalantho
543 3025 560 3067 a
583 3005 704 3084 Graecis
730 3005 853 3066 obsesso
880 3010 1040 3068 memoriae
1067 3009 1204 3070 mandata
1232 3021 1302 3070 sunt

123 3103 253 3190 profecti
285 3087 406 3183 solaque
437 3103 593 3164 Phalanthi
625 3105 754 3164 nominis
785 3103 980 3164 similitudine
1017 3105 1100 3168 ducti
1136 3105 1301 3167 Phoenices

123 3199 262 3261 Rhodum
281 3200 430 3282 appulisse
454 3201 631 3263 tradiderint
649 3209 679 3262 et
697 3221 713 3262 a
732 3201 917 3262 Rhodiorum
936 3201 1044 3263 lahulis
1061 3221 1186 3282 prorsus
1205 3204 1300 3265 disce·

124 3298 230 3360 dentes
258 3317 312 3360 suo
341 3299 464 3360 arbitrio
495 3298 746 3378 narratiunculam
774 3299 1042 3381 conformauerint,
1072 3309 1107 3362 ut
1133 3301 1300 3363 llouersius

126 3398 274 3458 existimat
297 3397 315 3458 l.
340 3417 365 3458 c.
389 3395 459 3458 112
482 3417 510 3477 p.
534 3393 614 3476 253,
637 3415 675 3457 aa
697 3397 762 3458 aliis
787 3397 893 3458 tabulis
916 3397 1101 3458 Rhodiorum
1124 3400 1186 3459 uixi
1209 3399 1299 3460 relata

123 3494 296 3555 rettulerint
321 3497 363 3556 ita
385 3515 403 3556 a
425 3497 568 3556 memoria
591 3493 778 3575 aberrantes²
805 3504 840 3555 ut
868 3494 996 3555 tabulam
1020 3515 1089 3556 cum
1117 3495 1208 3558 rebus
1231 3495 1300 3556 belli

124 3591 245 3654 Troiani
273 3596 490 3672 coniungerent
521 3601 610 3672 atque
644 3595 882 3653 commiscerent.
928 3593 971 3653 Ac
999 3612 1037 3654 ne
1064 3593 1207 3654 Monereii
1234 3611 1300 3654 sen-

124 3693 249 3752 tentiam
272 3709 389 3773 sequar,
413 3709 447 3752 ea
470 3693 658 3770 potissimum
682 3708 714 3750 re
738 3708 872 3771 moneor,
895 3691 975 3770 quod
998 3690 1100 3770 Dictys
1118 3701 1237 3770 praeter
1256 3691 1299 3751 la·

123 3787 219 3867 lysum
244 3791 332 3849 etiam
356 3788 506 3850 Camirum
529 3786 674 3868 irrupisse
697 3787 862 3848 Phoenices
885 3787 969 3848 dicit:
993 3782 1040 3847 ‘ac
1064 3807 1132 3848 mox
1155 3789 1247 3850 diuisi
1269 3791 1299 3850 iu

124 3884 273 3946 Camirum
302 3895 332 3946 et
359 3885 605 3965 Ialysum'urbes
634 3881 805 3964 opulentas'
834 3893 865 3946 et
892 3893 960 3964 post
990 3880 1218 3965 ‘distributique
1246 3905 1300 3966 per

124 4002 214 4062 supra
238 3985 332 4044 dictas
355 3983 446 4044 urbes
470 4004 575 4046 aurum
599 3989 633 4046 ac
657 3983 771 4062 reliqua
794 3983 921 4062 praedae
944 3985 1023 4042 iuter
1045 4001 1077 4042 se
1098 3980 1299 4062 dispertiuut'.

123 4081 214 4162 Vnde,
239 4101 307 4142 cum
330 4085 361 4142 in
384 4081 489 4162 Ergiae
514 4091 544 4143 et
567 4082 693 4162 Polyzeli
717 4081 889 4160 fragmentis
917 4079 1003 4158 Ialysi
1033 4077 1125 4139 solius
1149 4089 1183 4140 ut
1206 4081 1298 4140 Phoe-

123 4181 224 4240 nicum
258 4178 398 4239 domicilii
431 4181 543 4239 mentio
575 4181 638 4260 hat,
672 4198 754 4260 eum,
786 4181 837 4258 qui
870 4177 989 4256 Dictyos
1022 4175 1149 4237 fabulam
1181 4179 1300 4238 tinxerit

201 4385 227 4452 1)
248 4384 286 4440 Cf.
307 4385 397 4440 Taetz.
419 4381 461 4438 Τὰ
481 4381 549 4454 μεθ’
565 4381 688 4454 ’Όμηρον
708 4392 767 4440 336.

177 4481 356 4524 Dissertationee
371 4485 482 4524 Ienenses.
504 4485 535 4522 11.
1069 4479 1084 4525 9
