3064 4966
617 244 856 364 -103-ἱ

147 471 247 524 ortam
273 463 420 542 putandos
448 481 499 522 eos
527 481 593 524 esse
621 463 838 526 arbitrarentur
866 466 966 524 nescio
995 483 1031 524 an
1061 473 1090 525 et
1113 463 1234 525 Eusehii
1258 463 1322 525 loco

148 565 221 643 nixi,
245 565 296 641 qui
319 562 355 622 ad
380 579 489 622 annum
513 559 578 622 230
601 561 669 622 llhr.
694 556 796 645 (1787
821 580 845 622 a.
870 557 936 644 Ch.)
961 563 1094 624 adnotat:

241 657 409 722 ‘Thelcisiis
433 669 462 720 et
481 655 648 742 Cariatiis¹)
676 660 835 720 aduersum
859 659 1027 721 Foronenm
1051 668 1081 721 et
1105 659 1256 720 Parrasios
1279 662 1322 720 in-

147 761 226 820 stitit
244 753 365 819 bellum'
381 766 412 818 et
426 758 461 818 ad
476 775 585 818 annum
605 755 670 819 280
684 757 752 818 Ahr.
770 753 871 840 (1737
892 777 916 818 a.
931 750 1029 839 Chr.):
1058 754 1230 819 ‘Telchines
1249 759 1323 818 uicti

145 857 288 918 Rhodum
311 855 522 935 condiderunt,
546 874 621 934 qnae
647 858 729 935 prius
754 854 869 916 Oliussa
893 851 1067 917 uocabatur'
1091 864 1122 916 et
1142 857 1322 918 auctoritate

145 955 311 1015 Pausaniae
321 953 348 1014 ll
358 950 387 1036 5,
398 951 428 1034 6,
439 955 490 1032 qui
504 971 590 1032 reges
602 953 807 1032 Sicyoniorum
823 955 967 1015 nominat:
982 947 1172 1033 Αἰγιαλεύς,
1184 945 1322 1035 Εύρωιίι,

150 1051 276 1132 Τελχίς.
315 1098 321 1110 .

239 1151 280 1210 Ac
313 1167 408 1229 nuper
442 1150 742 1211 Schneiderwirthius
770 1152 787 1212 Ι,
817 1172 841 1211 c.
875 1171 903 1231 p.
932 1147 1117 1212 aco—208
1155 1151 1253 1212 denuo
1286 1151 1322 1212 ad

146 1243 334 1330 Dnnckeri²)
360 1249 536 1328 septentiam
561 1267 592 1307 se
616 1247 788 1330 applicauit,
811 1249 968 1310 Telchines
992 1249 1150 1309 Phoenicia
1174 1267 1239 1309 esse
1264 1249 1321 1308 ori·

146 1351 219 1426 gine
242 1347 439 1426 contendens,
462 1348 571 1425 quippe
596 1347 688 1426 quod,
715 1346 884 1426 ubicunque
910 1350 1072 1408 existerent
1095 1346 1265 1426 Telchines,
1290 1353 1323 1406 ut

147 1445 258 1525 Rhodi,
277 1444 372 1524 Cypri,
396 1447 426 1504 in
445 1444 542 1524 Creta,
564 1446 595 1504 in
613 1443 826 1524 Peloponneso,
849 1447 880 1504 in
899 1444 1010 1525 Boetia,
1034 1445 1138 1504 eodem
1157 1443 1322 1504 Phoenices

48 1595 52 1606 .
147 1546 314 1622 antiquitus
338 1541 487 1621 appulisse
512 1551 542 1623 et
565 1542 711 1603 domicilia
735 1542 895 1603 collocasse
920 1549 1071 1603 constaret
1094 1542 1256 1620 eademque
1281 1541 1322 1602 illi

145 1651 250 1702 essent
271 1640 369 1700 indole
393 1648 423 1700 et
446 1648 561 1720 natura,
585 1659 642 1718 qua
665 1639 828 1701 Phoenices
852 1639 1103 1701 describerentur.

238 1738 341 1818 Aqua
366 1739 504 1817 opinione
534 1755 659 1816 prorsus
688 1755 752 1798 esse
777 1738 977 1799 recedendum
1003 1737 1130 1798 uidetur.
1174 1737 1234 1797 Nos
1258 1740 1322 1816 qui-

145 1837 216 1897 dem
240 1835 398 1896 daemones
421 1835 487 1895 illos
511 1853 579 1896 eum
602 1835 740 1913 Neptuno
763 1843 794 1896 et
817 1835 898 1896 Halia
930 1835 1027 1896 lahula
1051 1837 1227 1896 coniunctos
1250 1837 1323 1895 anti-

146 1936 291 2014 quissima
307 1933 414 1993 Carum
429 1940 524 1993 aetate
543 1933 680 1993 lloruisse
700 1941 839 2012 putamus
859 1952 968 2012 eosque
988 1935 1122 2012 ipsorum
1139 1932 1323 1992 Rhodiorum

145 2034 286 2112 proprios
309 2031 389 2112 ideo,
419 2030 497 2110 quod
526 2033 685 2109 praecipua
709 2031 794 2091 sedes
818 2049 922 2091 eorum
946 2039 976 2091 et
1001 2039 1140 2109 tanquam
1168 2031 1322 2109 prouincia

147 2131 243 2190 luisse
269 2129 396 2190 traditur
420 2121 579 2210 Rhodus.³)

238 2226 326 2306 Atqui
351 2245 418 2286 cum
442 2227 628 2287 Cretensium
653 2245 771 2305 quoque
796 2226 902 2288 lahulis
926 2227 1085 2287 daemones
1109 2225 1322 2286 exhiberentur

146 2326 324 2386 Telchinum
349 2334 470 2385 naturae
494 2326 667 2404 propinqui,
691 2323 816 2384 Curetes
840 2332 870 2384 et
888 2323 1086 2404 Corybantes,
1111 2324 1181 2402 quid
1205 2325 1323 2402 mirum,

147 2423 229 2503 quod
252 2431 319 2501 post
343 2423 373 2482 hi
396 2441 463 2482 crrm
487 2421 544 2482 illis
564 2421 823 2483 confundebantur
842 2430 873 2483 et
891 2421 1168 2502 commiscebantur,
1191 2421 1220 2481 id
1244 2421 1322 2500 quod

147 2520 256 2582 Strabo
284 2519 435 2599 propalam
464 2521 569 2580 ellatur
598 2522 641 2579 sic
670 2516 798 2580 xlae:
829 2512 973 2598 τοσαύτη
1007 2510 1038 2579 δ’
1071 2512 1165 2579 ἐστὶν.
1190 2514 1227 2578 ἐν
1254 2525 1325 2590 τοῖς

139 2611 262 2698 Ιλόγοις
290 2612 421 2688 τούτοις
447 2617 609 2696 ποικιλία,
637 2613 705 2678 τῶν
733 2609 795 2696 μὲν
822 2608 901 2689 τοὺς
928 2607 1051 2690 αὐτοὺς
1077 2623 1147 2688 τοῖς
1170 2612 1323 2696 Κουρῆσι

147 2707 227 2787 τοὺς
254 2707 475 2796 Κορύβαντας
505 2709 560 2775 καὶ
585 2713 772 2795 Καβείρους
799 2708 854 2773 καὶ
879 2703 1023 2785 Ἰδαίους
1056 2704 1241 2784 δακτύλους
1268 2705 1323 2772 καὶ

151 2814 309 2893 Τελχῖνας
329 2803 600 2892 ἀναφαιυύντων,
623 2811 691 2872 τῶν
711 2803 748 2872 δὲ
767 2819 939 2890 συγγενεῖς
957 2803 1112 2891 ἀλλήλων
1131 2804 1186 2870 καὶ
1205 2801 1324 2889 μικράς

147 2931 242 2984 τινας
265 2901 376 2972 αὐτῶν
399 2903 482 2992 πρὸς
506 2903 672 2990 ἀλλήλους
695 2902 861 2990 διαφορὰς
885 2903 1170 2988 διαστελλομένων
1193 2904 1282 2968 aab?

239 3007 338 3080 Quid?
374 3008 459 3079 Quod
483 3008 640 3068 nonnullos
664 3028 700 3068 ex
724 3027 832 3069 nouem
855 3008 1048 3068 Telchinihus
1072 3025 1130 3067 una
1153 3024 1222 3066 cum
1241 3005 1323 3065 Rhea

147 3107 285 3168 Rhodo
277 3126 307 3167 m
331 3107 448 3168 Cretam
477 3126 508 3167 se
538 3106 717 3187 contulisse,
745 3106 847 3166 louem
871 3105 1013 3166 educasse
1039 3103 1223 3182 Curetesque
1247 3121 1321 3163 nnn-

148 3213 274 3284 cupatos
293 3224 359 3265 esse
384 3198 631 3286 laholahantur4),
655 3212 689 3264 ut
711 3212 814 3282 postea
838 3203 925 3263 Creta
949 3220 1056 3262 nornen
1081 3201 1250 3261 Telchiniae
1275 3219 1321 3259 ac·

148 3305 264 3381 ciperet
287 3312 317 3363 et
340 3302 443 3364 Cretes
467 3302 686 3382 appellarentur
710 3298 889 3362 Telchines?

239 3401 317 3461 Haec
342 3419 414 3461 uero
439 3409 472 3461 ut
495 3402 805 3479 comminiscerentur,
829 3417 864 3458 eo
889 3398 1003 3458 facilius
1023 3399 1087 3458 lrcri
1109 3399 1220 3476 potnit,
1244 3396 1322 3474 quod

148 3501 307 3579 perspicue
331 3499 399 3560 inde
419 3499 456 3558 ah
475 3500 688 3578 antiquissimis
703 3448 888 3575 temporibus
903 3497 1102 3556 arctissimum
1117 3493 1239 3553 Rhodiis
1254 3511 1322 3553 cum

104 3650 108 3657 .
148 3597 342 3658 Cretensibus
357 3605 421 3658 erat
435 3598 660 3657 commercium:
675 3594 752 3674 quod
769 3613 857 3672 quam
873 3603 954 3654 recte
970 3593 1182 3654 contendamus
1197 3599 1321 3669 excepto

221 3745 247 3810 1)
221 3741 306 3796 1.0f
328 3742 409 3812 Sync.
428 3761 454 3812 p.
474 3748 536 3810 238,
557 3748 597 3796 12.
638 3743 768 3808 Τελχῖνες
787 3739 835 3792 καὶ
854 3733 1108 3870 Κορροιύται.Ι

220 3823 298 3893 2)Ιο
320 3824 405 3891 libro,
430 3822 479 3890 qui
502 3819 674 3876 inscribitur:
698 3818 865 3873 Geschichbe
909 3834 937 3872 es
957 3816 1076 3871 Alberbh
1096 3816 1166 3884 I.¹p
1187 3818 1247 3869 305.
1281 3813 1322 3867 Ἣ

194 3909 255 3958 232.

147 3923 176 3976 p
221 3985 249 4052 3)
268 3983 422 4050 Antiquom
440 3981 532 4037 Rhodi
551 3997 653 4035 nomen
671 3977 757 4033 suisio
777 3977 904 4046 Τελχινλς
923 3975 1011 4031 tradit
1025 3975 1125 4030 Strabo
1140 3975 1246 4044 XIVp
1261 3981 1321 4030 653.

222 4066 250 4133 4)
222 4063 315 4117 acl.
341 4063 431 4118 Strab.
451 4061 477 4114 X
495 4068 560 4115 472·
591 4058 629 4115 Οι
650 4059 681 4114 δὲ
708 4053 885 4127 Τελχίνων’
872 4077 904 4112 εν
923 4052 1015 4128 Ρόδῳ
1040 4051 1164 4110 dovae*
1148 4074 1238 4109 οντων
1256 4075 1323 4116 τους

144 4142 217 4218 ‘Pe'pr
249 4137 555 4210 συνακολουθήσαντας
582 4139 623 4202 είς
650 4134 763 4208 Κρητην
792 4137 841 4192 καὶ
871 4133 921 4191 τὸν
955 4137 1011 4190 Δία
1038 4129 1322 4230 κονροτρρφήσαντας

148 4198 299 4294 Κούρῆτας
322 4217 533 4292 ὄνομασδηναι,
557 4216 708 4291 Κύρβαντα
732 4216 764 4272 δε
788 4214 895 4272 τούτων
921 4212 1032 4284 ἑταῖρον
1052 4209 1234 4284 Ιερακύτνης
1252 4209 1321 4268 ὄντα

147 4305 263 4372 κτίστην
277 4298 354 4372 παρὰ
369 4308 428 4363 τοῖς
442 4297 565 4362 Ροδίοις
583 4307 739 4369 ταρασχειν
753 4295 896 4367 πρόφασιν
911 4301 970 4358 τοῖς
985 4289 1156 4366 Πρασίσις“
1134 4312 1203 4348 ωστε
1219 4292 1321 4363 λέγειν,

147 4381 188 4448 ὡς
207 4380 266 4438 εἶεν
285 4379 467 4454 Κορύβαντες
486 4379 620 4450 δαίμονές
638 4399 712 4442 τινες
728 4375 847 4448 Ἀθηνᾶς
865 4379 914 4432 καὶ
928 4372 1024 4431 Ηλίου
1043 4377 1151 4438 παῖδες.
