3064 4966
592 377 630 388 -
680 340 743 406 105
788 378 830 388 —

694 501 729 566 B.

216 630 290 691 Cum
308 629 483 690 Telchinum
507 629 604 691 fabula
628 633 739 691 arctius
762 632 940 692 coniunctus
960 641 1005 693 est
1028 631 1155 712 mythus,
1179 633 1230 710 qui
1249 639 1295 691 est

121 728 166 788 de
191 728 356 807 Neptuno
381 730 530 806 eiusque
555 728 646 789 liliis
670 737 704 789 et
727 729 862 789 Venere
886 729 1026 791 abillis
1050 724 1236 812 depulsal)

216 827 257 886 hc
279 828 410 906 primum
434 826 553 906 quidem
573 829 645 904 qrrin
663 826 783 905 Ialysiae
802 827 857 886 hae
878 829 937 888 sint
955 828 1070 888 fabulae
1090 826 1213 889 dubium
1232 847 1298 888 esse

121 943 184 984 uon
209 926 329 1004 poterit,
354 927 379 983 si
402 926 468 1002 quis
492 923 569 984 illam
590 925 625 984 de
646 924 754 984 Cadmo
774 926 1024 986 narratiunculam
1043 927 1218 1006 respexerit,
1242 945 1299 1004 qua

18 1025 23 1028 ’
123 1021 298 1082 sacerdotes
322 1017 473 1082 Phoe'nicii
497 1021 628 1101 Neptuni
651 1042 734 1083 sacro
758 1026 919 1102 praepositi
943 1043 1010 1084 cum
1037 1024 1149 1104 lalysiis
1174 1043 1206 1084 se
1229 1043 1297 1084 con-

121 1121 259 1180 iunxisse
282 1119 491 1201 perhibentur3
516 1121 594 1181 unde
618 1140 650 1180 re
675 1139 745 1180 uera
769 1121 856 1200 lalysi
879 1129 997 1212 geptem
1021 1122 1148 1202 aliquam
1167 1122 1298 1214 Neptuni

123 1217 293 1278 sacerdotio
307 1219 470 1296 praeditam
486 1239 501 1278 a
516 1218 715 1278 Phoenicibus
730 1221 875 1297 originem
889 1220 1009 1280 drrxisse
1024 1227 1106 1280 certo
1122 1213 1297 1302 sequitur.²)

215 1315 351 1376 Attamen
370 1317 416 1376 fac
435 1336 472 1376 ne
491 1317 608 1395 longius
627 1317 822 1396 progrediens
840 1317 1011 1396 Neptunum
1030 1321 1149 1378 omniuo
1169 1337 1184 1377 a
1203 1318 1296 1378 Phoe·

120 1413 244 1474 nicihus
272 1414 397 1493 Ialysum
426 1433 492 1474 esse
520 1417 673 1501 inuectum
701 1416 847 1475 conficias,
894 1415 1003 1477 Contra
1032 1417 1145 1477 cultum
1173 1415 1256 1477 illum
1280 1436 1295 1476 a

118 1511 325 1572 Phoenicibus
352 1514 491 1592 primitus
519 1513 646 1572 alienum
675 1531 741 1573 esse
769 1532 802 1572 ac
830 1523 898 1592 post
926 1514 1045 1574 demum
1070 1516 1188 1574 nomine
1213 1506 1298 1587 Διὸς

120 1609 316 1672 θαλασσίου
340 1618 494 1689 receptum
518 1611 554 1670 ab
579 1614 621 1670 eis
645 1611 811 1672 luculenter
835 1612 936 1673 docuit
956 1613 1043 1674 Starh
1067 1612 1084 1672 l.
1100 1631 1124 1672 c.
1140 1632 1167 1692 p.
1183 1608 1297 1691 299sq.

118 1709 218 1769 Immo
242 1711 291 1768 cui
318 1711 348 1768 in
372 1709 560 1789 Philistaeae,
588 1708 712 1788 Aegypti
744 1711 908 1791 inferioris,
942 1711 1049 1791 Libyae
1078 1712 1139 1771 oris
1167 1713 1297 1770 occurri-

119 1825 205 1887 mus,
238 1825 325 1886 quem
357 1808 426 1866 inde
459 1809 489 1866 iu
525 1807 676 1868 Graeciam
708 1807 863 1868 inductum
896 1828 963 1869 esse
991 1809 1160 1870 Herodotus
1194 1811 1298 1868 statuit

118 1905 149 1973 ll
176 1901 232 1986 50,
261 1905 387 1965 cundem
411 1905 582 1984 Neptunum
606 1907 636 1964 in
660 1905 761 1966 Cariae
786 1925 905 1985 quoque
929 1909 990 1967 oris
1013 1926 1047 1967 ac
1071 1905 1166 1966 Rhodi
1192 1905 1296 1984 depre-

120 2001 290 2064 heudimus.

216 2099 306 2160 Cuius
330 2101 377 2160 dei
402 2101 505 2180 religio
530 2109 559 2161 et
583 2100 680 2162 cultus
704 2104 905 2183 omniumque,
929 2105 980 2182 qui
1004 2122 1071 2164 cum
1092 2123 1126 2163 eo
1146 2104 1298 2163 coniuncti

122 2208 211 2277 sunt,
239 2199 414 2259 daemonum
444 2209 524 2259 certe
553 2202 778 2280 uetustissimiS,
810 2201 918 2280 quibus
948 2201 1038 2262 Cares
1065 2201 1129 2262 illas
1160 2203 1297 2279 regiones

121 2296 313 2376 obtinebant,
337 2298 439 2358 lloruit
462 2297 659 2378 temporibus,
688 2287 831 2377 iuuatqire
859 2299 1034 2360 obseruasse
1064 2298 1190 2359 fabulam
1219 2297 1297 2358 illam

121 2395 321 2475 Corinthiam,
353 2389 584 2477 Leucotheam3)
617 2396 683 2456 dico
716 2398 745 2455 in
776 2415 855 2456 mare
884 2416 949 2457 sese
984 2400 1178 2477 proicientem
1210 2399 1297 2455 ctiam

120 2491 222 2552 Rhodi
241 2493 349 2553 ollendi
368 2494 423 2552 hac
442 2494 645 2554 tantummodo
670 2495 746 2553 lacta
765 2498 940 2576 mutatione,
960 2495 1055 2575 quod,
1074 2513 1142 2555 cum
1161 2513 1177 2554 a
1197 2493 1297 2554 Corin-

119 2590 196 2651 thiis
221 2589 319 2651 Venus
342 2590 500 2652 Phoenicia
523 2595 616 2676 amice
640 2595 833 2674 reciperetur,
857 2592 954 2654 labula
973 2592 1087 2652 Rhodia
1111 2612 1126 2651 a
1151 2592 1218 2652 filiis
1241 2591 1296 2651 Ne·

119 2690 211 2768 ptuni
233 2688 444 2768 depulsaesse
468 2691 577 2750 fertur:
606 2710 641 2750 ex
666 2709 722 2769 qua
752 2693 815 2770 ipsa
839 2709 871 2750 re
895 2691 1066 2769 Neptunum
1091 2690 1179 2750 deum
1203 2689 1295 2749 Phoe·

121 2787 236 2846 niciam
261 2805 325 2847 esse
350 2807 408 2847 non
432 2807 519 2867 posse
544 2782 678 2872 eluceat)
749 2848 751 2851 ,

201 2988 226 3056 1)
246 2987 287 3040 De
311 2987 441 3056 Neptuno
465 2987 536 3042 bene
562 2990 679 3056 egerunt
702 2989 870 3044 Gerhardius
894 2989 924 3042 in
947 2990 1000 3044 act.
1020 2989 1097 3044 acad
1117 2988 1207 3042 Berol.
1230 2992 1297 3041 1850

122 3069 155 3120 et
176 3067 267 3121 Stark.
286 3067 304 3120 l.
324 3085 347 3122 c.
367 3087 393 3137 p.
408 3074 469 3122 288.
489 3074 549 3122 292.
570 3073 630 3121 293.
650 3074 709 3122 299.

197 3149 223 3216 2)
243 3146 350 3202 Fabula
367 3149 419 3201 illa
437 3147 609 3217 Lindiorum,
628 3147 677 3216 qui
696 3147 832 3203 Cadmum
845 3147 987 3202 Mineruae
1007 3165 1071 3202 suae
1092 3147 1230 3203 cortinam
1249 3148 1295 3201 de·

123 3225 235 3280 dicasse
250 3227 408 3296 eredebant,
428 3227 567 3296 quomodo
587 3229 671 3281 enata
689 3227 733 3292 sit,
752 3227 900 3296 intelleges
915 3227 939 3282 si
952 3227 1062 3282 litteras
1076 3231 1108 3282 ut
1121 3245 1139 3280 a
1152 3225 1297 3281 Phoenici-

124 3307 178 3360 bus
197 3307 326 3362 inuentas
341 3309 495 3377 nuncupari
510 3308 729 3362 consideraueris
744 3303 879 3377 Καδμήϊα
893 3303 1051 3377 γράμματα.
1081 3309 1122 3362 Ex
1136 3307 1197 3377 ipsa
1211 3305 1298 3375 igitur

124 3385 244 3454 cortina,
260 3404 332 3455 quae
343 3390 418 3442 certe
428 3388 483 3442 fuit
492 3388 521 3442 in
536 3405 615 3442 sacro
626 3386 768 3441 Mineruae
778 3386 904 3454 Lindiae,
918 3386 1015 3441 fabula
1025 3390 1088 3440 orta
1101 3387 1212 3440 uidetur
1227 3403 1296 3441 esse.

198 3469 227 3536 3)
245 3469 286 3521 De
305 3485 360 3536 qua
379 3469 413 3522 ci.
434 3467 574 3524 Starkium
593 3468 611 3522 1.
632 3485 654 3521 e.
674 3487 700 3536 p.
721 3474 781 3522 292.

198 3549 225 3615 4)
245 3548 322 3602 Idem
341 3550 459 3618 apparet
478 3566 512 3602 ex
526 3546 669 3601 ueteribus
689 3547 762 3599 inter
776 3546 937 3615 Neptunum
954 3549 1037 3615 atque
1052 3546 1200 3601 Herculem
1215 3546 1297 3600 deum

42 3673 55 3696 ,
123 3627 308 3681 Phoenicium
333 3629 377 3696 (cf.
397 3647 424 3697 p.
446 3629 507 3696 112)
530 3625 686 3682 inimicitiis
709 3644 771 3680 cum
794 3627 896 3682 fabulis
919 3628 1016 3681 multis
1044 3631 1104 3682 turn
1128 3626 1298 3696 imaginibus

123 3708 270 3778 perspicue
289 3707 454 3777 significatis
473 3710 502 3762 et
520 3705 681 3772 illustratis;
702 3707 736 3761 de
756 3705 856 3774 quibus
876 3707 910 3759 cf.
931 3707 1022 3762 Starlr.
1037 3708 1055 3760 l.
1071 3725 1093 3762 c.
1108 3725 1135 3776 p.
1146 3711 1296 3760 aea-294.

124 3786 256 3842 Ceterum
280 3790 387 3856 quanta
409 3785 584 3858 impigritate
604 3788 634 3840 et
651 3786 807 3855 pertinacia
830 3788 957 3842 externae
976 3786 1126 3856 religiones
1145 3802 1162 3839 a
1181 3801 1210 3839 se
1229 3783 1297 3838 alie-

123 3885 175 3922 nas
193 3868 297 3922 Rhodii
316 3867 493 3923 defenderint
511 3884 545 3922 ac
563 3865 749 3937 reppulerint,
774 3884 807 3921 ea
826 3883 936 3936 quoque
958 3884 987 3922 re
1007 3865 1128 3921 cernitur
1147 3865 1232 3933 atquc
1251 3881 1297 3918 ex·

125 3948 268 4018 primitur,
297 3948 374 4016 quod
396 3949 510 4002 Herculi
534 3965 614 4003 sacra
636 3947 728 4003 facere
748 3947 877 4002 solebant
895 3965 958 4002 cum
976 3947 1190 4017 imprecatione,
1214 3963 1298 4016 quem

124 4027 299 4084 sacrificandi
321 4029 408 4084 ritum
430 4029 472 4083 ita
495 4030 700 4099 explicuerunt,
723 4029 756 4082 ut
777 4028 858 4082 illum
881 4029 917 4082 ab
943 4029 1054 4083 aratore
1076 4027 1185 4082 Rhodio
1204 4026 1298 4082 cibum

123 4109 315 4180 postulantem
339 4109 481 4177 latamque
504 4110 644 4179 repulsam
669 4107 846 4178 indignatum
864 4109 984 4162 alterum
1006 4107 1065 4162 eiua
1088 4107 1173 4162 boum
1192 4110 1297 4162 macta-

125 4189 198 4244 uisse
214 4192 244 4244 et
257 4189 430 4259 imprecante
445 4191 555 4244 aratore
570 4191 599 4243 et
612 4189 703 4258 ipsum
719 4187 860 4243 cenauisse
871 4191 900 4243 et
913 4205 1000 4258 puero
1015 4186 1177 4258 praebuisse
1188 4187 1297 4243 fabula-

126 4272 232 4325 rentur.
271 4270 375 4324 Verum
397 4269 548 4324 Herculem
577 4270 779 4326 exsecrationes
801 4269 939 4323 ridentem
966 4283 1108 4336 nunquam
1132 4284 1161 4321 se
1184 4267 1298 4322 suarius

125 4351 272 4422 epulatum
297 4349 480 4404 affirmauicse
503 4367 587 4420 quarn
611 4357 682 4418 quae
706 4368 768 4404 cum
792 4349 1026 4404 exsecrationibus
1044 4347 1101 4404 illis
1120 4348 1297 4404 condidisset.

123 4431 163 4486 cf.
188 4431 330 4486 Cononem
354 4447 426 4484 narr.
446 4430 485 4484 Xl
508 4433 537 4485 et
559 4430 672 4484 locosa
695 4430 817 4486 Meursio
840 4449 867 4500 p.
887 4436 919 4484 al
947 4429 1056 4486 allatos.
1088 4459 1119 4467 -
1147 4428 1208 4484 Hoc
1235 4428 1297 4483 loco
