3064 4966
702 347 938 411 ..100-

238 511 427 570 coniunxisse
460 509 622 589 eademque
654 509 807 588 republica
835 519 865 571 et
892 509 1006 588 legibus
1037 529 1107 570 usos
1136 529 1202 571 esse
1226 521 1256 572 et
1278 515 1408 590 posteris

234 608 375 687 deinceps
398 627 434 668 ex
459 610 592 668 senatis
616 607 815 668 sacerdotium
837 603 1016 668 tradidisse’.
1043 685 1049 691 .

321 705 396 767 Cum
419 706 498 766 idem
522 704 649 767 Cadmus
668 706 688 780 ὃ
707 703 728 766 3
747 705 912 767 Mineruam
937 725 1055 785 quoquc
1074 706 1208 767 Lindiam
1230 727 1322 769 aenea
1341 728 1407 768 cor-

233 806 294 866 tina
323 806 444 883 antiquo
468 822 551 864 more
575 803 717 864 fabricata
740 811 770 864 et
793 804 900 865 litteris
923 804 1092 865 Phoeniciis
1115 808 1257 886 inscripta
1282 807 1407 886 aliisque

232 902 318 962 donis
341 903 468 964 coluisse
495 902 623 983 dicatur,
646 902 722 963 banc
746 901 873 963 labulam
897 901 990 963 Lindo
1014 902 1205 964 addicendam
1229 923 1295 965 esse
1318 924 1406 966 nemo

232 999 416 1062 initiabitur.

320 1097 373 1159 His
401 1099 519 1160 additur
538 1098 558 1176 ἓ
576 1095 663 1160 4-5
687 1098 784 1159 labula
816 1117 922 1160 rursus
950 1099 1043 1178 Ialyso
1072 1099 1259 1180 ascribenda,
1283 1120 1340 1180 qua
1368 1102 1405 1161 de

231 1196 399 1258 Phorbante
427 1197 518 1257 heroe
549 1198 744 1276 proferuntur
772 1196 858 1258 haec:
891 1191 966 1256 ‘Dici
996 1199 1074 1256 enirn
1103 1196 1239 1258 Rhodum
1268 1199 1337 1258 olim
1360 1202 1405 1259 in·

232 1294 370 1374 gentibus
394 1294 540 1373 anguibus
559 1296 651 1356 luisse
669 1295 822 1375 repletam,
846 1297 896 1373 qui
915 1293 1059 1372 plurimos
1078 1294 1189 1374 incolas
1208 1299 1407 1359 necauissent.

232 1392 317 1462 Quod
336 1391 446 1453 malum
465 1403 498 1454 ut
518 1401 709 1454 remouerent
727 1401 757 1453 ct
775 1391 991 1472 propulsarent,
1012 1391 1143 1453 Rhodios
1162 1392 1266 1454 Delum
1287 1397 1404 1454 misisse

232 1490 385 1552 oraculum
405 1491 594 1552 consulturos
613 1509 850 1571 responsumque
870 1489 973 1550 tulisse
995 1499 1028 1550 ut
1046 1489 1243 1552 Phorbantem
1264 1491 1404 1572 Lapithae

230 1584 322 1648 tilium
341 1591 371 1649 in
393 1589 542 1650 Thessalia
566 1598 737 1650 uersantem
756 1597 786 1648 et
804 1586 987 1648 domicilium
1006 1587 1063 1647 sibi
1077 1591 1199 1667 suisque
1214 1599 1407 1668 quaerentem

230 1686 308 1764 apud
332 1705 364 1747 se
388 1690 571 1767 reciperent:
596 1706 684 1766 quem
707 1685 834 1746 insulam
854 1704 869 1744 a
889 1685 992 1745 bestiis
1015 1685 1219 1747 liberaturum.
1261 1688 1302 1767 ld,
1326 1689 1405 1766 quod

230 1784 341 1845 lactum
369 1793 423 1846 est.
469 1785 631 1846 Phorbanti
659 1803 732 1845 uero
761 1787 812 1863 qui
840 1787 984 1862 optimum
1009 1802 1040 1842 se
1068 1787 1267 1862 praestitisset
1295 1789 1405 1866 uirum,

228 1890 347 1943 mortuo
371 1882 508 1968 heroicos
532 1883 662 1943 honores
685 1881 835 1960 obtigisse.

317 1981 391 2042 Cum
419 1981 476 2041 hoc
500 1981 600 2060 mytho
629 1999 740 2041 conexa
769 1988 815 2040 cst
833 1998 849 2039 a
868 1979 996 2040 Diodoro
1024 1980 1122 2041 labula
1147 1980 1184 2041 de
1213 1981 1405 2042 Althaemene

228 2078 319 2138 beroe
353 2097 428 2158 quae
462 2087 508 2140 est
540 2078 718 2139 Camirensis
742 2073 845 2158 aba,
869 2075 1010 2153 §1-4:
1044 2073 1277 2139 ‘Althaemenem
1306 2065 1416 2140 Catrei¹

229 2175 350 2237 Cretum
374 2179 453 2256 regis
477 2176 583 2257 lilium,
612 2195 680 2237 cum
705 2185 821 2254 patrem
844 2175 908 2234 lore
932 2183 966 2235 ut
989 2194 1041 2236 sua
1065 2194 1154 2236 manu
1177 2177 1340 2258 occideret,
1368 2177 1405 2236 ah

228 2273 361 2353 Apolline
387 2277 591 2354 comperisset,
615 2283 648 2334 ut
671 2274 727 2333 hoc
751 2273 849 2333 scelus
873 2274 1009 2353 eniteret,
1032 2273 1169 2342 Rhodum
1190 2293 1222 2334 se
1242 2275 1404 2335 contulisse

228 2371 439 2452 Camirumque
463 2372 520 2434 sibi
544 2371 693 2432 domicilio
717 2371 857 2449 elegisse„
897 2369 953 2430 Ubi
977 2370 1013 2430 ab
1037 2371 1142 2432 incolis
1165 2390 1271 2451 magno
1290 2374 1405 2433 honore

228 2471 366 2532 allectum
390 2473 421 2531 in
444 2478 544 2532 monte
567 2469 706 2549 Atabyrio
730 2487 799 2529 eum
818 2468 897 2529 louis
916 2469 1047 2547 Atabyrii
1066 2487 1183 2530 sacrum
1203 2474 1404 2533 constituisse.

228 2567 367 2630 Catreum
391 2576 490 2630 autem
513 2577 629 2647 patrem
652 2568 713 2627 tilio
737 2566 873 2628 orbatum
898 2565 1105 2645 desiderioque
1127 2575 1245 2647 captum
1265 2568 1404 2629 Rhodum

227 2667 395 2744 proiectum
418 2677 575 2746 postquam
595 2674 682 2726 nocte
702 2683 769 2726 oum
789 2663 939 2724 nonnullis
957 2663 1237 2744 appulissetpogna
1256 2667 1403 2728 aduersus

227 2764 338 2824 incolas
362 2767 434 2826 inita
458 2765 494 2826 ab
517 2764 707 2826 Althaemene
732 2764 794 2822 suis
822 2760 980 2821 auxiliante
1004 2770 1141 2822 necatum
1161 2781 1236 2824 esse.
1281 2764 1344 2835 Qua
1369 2784 1402 2824 re

227 2865 343 2938 cognita
371 2861 593 2922 Althaemenem
625 2861 724 2922 luctus
756 2859 959 2937 magnitudine
991 2878 1127 2938 pressum
1160 2863 1190 2920 in
1226 2861 1403 2922 solitudines

226 2962 387 3020 recessisse
407 2963 611 3039 maestitiaque
631 2967 661 3018 et
679 2957 780 3018 dolore
800 2957 989 3036 absumptum
1007 2957 1131 3036 postab
1150 2958 1256 3019 incolis
1271 2959 1401 3019 heroicis

228 3057 392 3118 honoribus
415 3077 481 3118 esse
505 3052 639 3118 cultum'.

315 3155 448 3235 Denique
481 3157 596 3217 accedit
623 3154 812 3234 Tlepolemus
839 3154 928 3214 heros
956 3154 1081 3214 sortasse
1110 3153 1246 3234 lalysius,
1272 3155 1309 3215 de
1338 3175 1398 3234 quo

226 3249 349 3328 §tr-6
372 3253 562 3315 disseruntur
585 3253 670 3313 haee:
703 3247 806 3312 ‘Panlo
829 3260 896 3311 ante
919 3251 1030 3311 bellum
1049 3251 1209 3312 Troianum
1229 3271 1296 3313 cum
1316 3253 1401 3332 Licy-

226 3353 340 3412 mnium
361 3354 474 3413 inuitus
492 3352 701 3430 interfecisset,
724 3349 810 3427 Argis
829 3368 896 3409 eum
917 3349 1027 3427 lugisse
1047 3358 1077 3410 et
1095 3350 1207 3410 oraculi
1226 3353 1311 3411 iussu
1331 3370 1401 3412 cum

225 3449 374 3509 nonnullis
398 3449 534 3510 Rhodum
564 3451 718 3527 nauigassc
746 3446 846 3525 ibique
875 3445 911 3506 ab
939 3446 1043 3506 incolis
1073 3456 1226 3526 receptum
1251 3448 1399 3509 domicilio

192 3577 198 3596 ·
225 3546 367 3607 collocato
390 3565 483 3625 regno
507 3553 650 3624 occupato
674 3544 770 3604 insula
794 3547 875 3603 omni
897 3546 928 3603 in
952 3563 1060 3622 aequas
1084 3553 1184 3622 partes
1203 3546 1298 3606 diuisa
1317 3549 1399 3624 prin-

225 3645 321 3723 cipem
345 3663 377 3704 se
401 3644 574 3723 praebuisse
598 3644 750 3721 optimum.
788 3641 921 3719 Denique
941 3644 1065 3719 imperio
1086 3641 1177 3702 Butae
1197 3643 1283 3720 fugae
1304 3641 1397 3703 sodali

226 3743 362 3802 mandato
382 3744 456 3803 duce
476 3743 694 3822 Agamemnone
715 3739 834 3799 Troiam
857 3739 1025 3816 prolectam
1043 3738 1120 3798 bello
1144 3757 1213 3800 eum
1236 3735 1397 3800 interisse'.

313 3840 372 3901 lam
401 3858 474 3900 uero
498 3848 531 3899 ut
559 3855 728 3917 expressam
757 3835 922 3897 tabularum
951 3855 1028 3897 nexu
1052 3836 1216 3897 solutarum
1239 3839 1397 3915 imaginem

224 3938 350 3998 habeant
368 3937 505 4017 lectores,
527 3936 598 4016 quid
618 3935 875 3996 enrrcleaueri'mus
894 3933 993 3994 tabula
1012 3934 1181 3995 describere
1205 3935 1277 3995 mihi
1295 3935 1398 3996 liceat:

223 4057 248 4096 c.
272 4032 325 4117 55,
350 4032 435 4096 1-3
458 4034 616 4095 Telchines
1079 4031 1174 4091 labula
1198 4031 1311 4090 Rhodia

223 4154 247 4194 c.
272 4130 324 4214 55,
347 4131 377 4193 4.
401 4130 430 4194 6.
455 4131 483 4193 7.
507 4131 664 4210 Neptunus
687 4134 811 4210 eiusque
834 4130 886 4189 lilii
1119 4175 1137 4207 „
1195 4127 1298 4207 Ialysia

223 4251 247 4292 c.
272 4227 324 4311 55,
347 4226 383 4291 5²
404 4233 537 4310 gigantes
1119 4273 1136 4304 „
1195 4225 1298 4286 Lindia

222 4348 247 4388 c.
271 4325 323 4408 55,
344 4322 383 4390 bb
406 4329 486 4390 louis
509 4329 562 4390 lilii
1117 4371 1135 4403 „
1194 4323 1374 4383 Camirensis

222 4446 246 4487 c.
271 4423 323 4508 56,
348 4423 381 4488 1⁸
403 4429 557 4490 inundatio
