3064 4966
710 291 947 406 913οὴ-

244 503 395 585 largiores,
415 523 502 585 quam
522 515 646 566 aetatem
667 505 790 566 tulerint
809 506 905 568 sontes
924 507 1089 584 inspexisse
1109 506 1283 584 'colligimus
1320 507 1422 568 Cami-

238 620 305 662 rum
330 606 407 663 enim
433 603 538 662 urbem
562 621 620 662 non
641 602 764 662 arbitrio
784 603 820 662 ab
839 613 960 662 auctore
980 603 1108 664 additam
1128 605 1178 664 sed
1199 603 1316 683 abipsa
1336 604 1421 664 liho-

239 699 355 760 diorum
372 703 513 761 memoria
527 703 684 779 repetitam
700 719 765 760 esse
782 700 934 778 probabile
950 701 1077 766 uidetur.
1115 701 1191 762 Tarm
1207 719 1280 762 uero
1295 706 1422 781 praeter

238 801 438 858 narrationem
466 798 501 857 ab
529 797 617 876 Ergia
646 807 689 858 et·
704 797 837 877 Polyzelo
865 797 1008 876 prolatam
1037 817 1135 860 nonne
1163 799 1233 859 alias
1260 800 1296 860 de
1320 799 1421 860 Phoe-

239 896 356 956 nicibus
386 900 510 976 eiusque
539 895 665 956 ducibus
694 895 807 956 fabulas
836 899 867 956 in
896 916 947 958 ore
977 916 1010 957 ac
1040 915 1176 958 sermone
1209 897 1420 960 insulanorum

239 995 329 1055 luisse
353 991 464 1073 putas?
501 995 565 1065 Qua
588 993 625 1054 dc
649 1011 825 1054 causacum
848 998 944 1073 primo
968 995 1033 1055 loco
1053 994 1188 1056 Camirus
1211 995 1287 1074 apud
1308 995 1421 1074 lliotyn

239 1103 502 1174 commemoretur,
530 1095 646 1154 auctori
673 1092 788 1153 fabulae
812 1092 931 1172 Dietyos
955 1093 1080 1154 similem
1107 1094 1256 1174 quandam
1285 1094 1421 1155 fabulam

239 1190 347 1251 Camiri
375 1191 459 1251 urhis
487 1193 638 1272 propriam
666 1199 734 1250 ante
766 1191 868 1251 oculos
888 1191 1089 1252 obuersatam
1122 1193 1214 1252 luisse
1247 1211 1419 1253 censemus.

239 1289 340 1360 Qualis
364 1288 454 1350 luerit
477 1289 526 1350 illa
550 1289 647 1348 sabula
667 1291 823 1368 quaerenti
841 1288 897 1349 hoc
916 1307 1009 1349 unum
1029 1289 1129 1350 dicere
1148 1288 1226 1369 lieet,
1249 1290 1419 1351 Phoenices

239 1407 329 1466 opum
353 1387 476 1447 auaritia
499 1387 605 1447 ductos
635 1389 733 1464 ipsum
757 1387 864 1446 ducem
887 1389 1041 1446 neeauisse
1065 1405 1100 1446 ea
1124 1387 1216 1446 fuisse
1240 1386 1419 1466 perhibitos.

329 1485 386 1544 Sed
410 1487 469 1544 ianr
492 1484 638 1563 agendum
662 1487 720 1545 erit
739 1485 781 1544 de
803 1483 909 1564 Ergiae
933 1492 963 1544 et
986 1483 1113 1562 Polyzeli
1136 1484 1256 1565 sabulis,
1281 1503 1353 1563 quas
1377 1486 1417 1545 ad

239 1582 365 1662 Ialysum
389 1582 495 1643 urbem
518 1583 671 1662 pertinere
694 1591 783 1662 patet.
822 1583 876 1643 Vbi
895 1601 944 1642 res
963 1601 1035 1643 uere
1059 1583 1217 1644 historicas
1236 1601 1305 1643 cum
1323 1582 1420 1671 rebus

238 1682 355 1741 ficticiis
385 1699 450 1741 esse
478 1683 652 1741 commixtas
680 1683 776 1758 primo
805 1690 927 1760 aspectu
952 1681 1113 1742 concedes:
1150 1680 1320 1741 Oraculum.
1334 1683 1420 1740 enirn

238 1779 309 1839 illud
339 1779 375 1838 de
400 1781 500 1842 cornis
524 1787 555 1838 et
577 1779 729 1858 pisciculis
752 1779 915 1838 Phala‘ritho
939 1780 1040 1840 datum
1064 1787 1094 1839 et
1117 1779 1222 1857 lpbicli
1249 1778 1316 1838 dolo
1340 1797 1420 1838 uero

238 1887 349 1938 euentu
378 1877 615 1958 comprobatum,
645 1877 751 1938 deinde
779 1879 862 1937 fraus
889 1877 1046 1938 Phalanthi
1073 1875 1109 1936 ah
1140 1877 1251 1956 Iphiclo
1276 1886 1420 1956 superata

240 1985 322 2037 certe
346 1977 479 2055 ipsorum
502 1975 687 2035 Rhodiorum
707 1985 776 2036 sunt
792 1983 969 2035 commenta.
1006 1977 1102 2054 Atque
1122 1975 1274 2035 oraculum
1294 1973 1420 2053 quidem

239 2093 255 2134 e
279 2073 440 2154 prouerbio
465 2073 593 2152 quodam
617 2080 719 2133 natum
743 2091 809 2134 esse
833 2075 978 2152 existimo,
1003 2091 1061 2152 quo
1085 2073 1246 2152 prouerbio
1265 2092 1334 2134 cum
1352 2073 1418 2134 ullo

237 2181 324 2252 pacto
353 2173 418 2232 fieri
445 2190 509 2232 rem
537 2189 624 2251 posse
653 2190 762 2250 negare
790 2171 930 2232 uolebant
958 2171 1063 2232 Graeci
1092 2173 1139 2232 usi
1167 2171 1309 2232 uidentur
1338 2189 1418 2252 esse,

239 2270 305 2330 dico
324 2269 411 2331 illud:
435 2260 571 2330 ‘lambo
591 2265 677 2330 ἰδεῖν
695 2261 838 2348 κόρακα
861 2268 910 2328 uel
934 2259 1089 2340 ‘deurode
1107 2261 1251 2350 κόρακας
1273 2258 1417 2350 εὑρεῖν’.

238 2367 280 2427 hc
311 2367 448 2428 similiter
474 2367 600 2426 fortasse
629 2383 697 2426 cum
725 2367 889 2446 improuiso
917 2366 1027 2446 aliquid
1059 2366 1224 2446 accidebat,
1257 2367 1354 2444 pisces
1385 2367 1419 2424 in

242 2465 408 2526 crateribus
431 2482 574 2544 apparere
598 2457 773 2546 dicebant.¹)

328 2563 469 2624 Cet-erum
492 2560 668 2622 obscurasse
692 2564 789 2643 iuuat,
811 2565 938 2642 insignia
956 2563 1139 2624 Phoenicum
1157 2565 1234 2624 uitia·
1252 2561 1419 2642 pinguibus

240 2654 390 2720 coloribus
421 2659 519 2720 fabula
548 2676 613 2720 esse
642 2659 804 2738 descripta:
840 2661 870 2720 Α,
893 2679 947 2722 suo
976 2661 1086 2722 famulo
1114 2662 1239 2740 pecunia
1270 2669 1417 2740 corrupto

239 2735 435 2818 Plisthenem
449 2755 585 2816 hostibus
600 2755 695 2837 prodi,
718 2755 913 2816 Phalanthum
927 2758 1026 2836 ipsum
1040 2760 1229 2818 uictimarum
1244 2757 1418 2818 diuinarum

240 2857 384 2916 rationem
404 2855 477 2915 adeo
495 2854 673 2934 posthabere
693 2856 786 2935 uides,
809 2861 843 2915 ut
861 2853 897 2915 ad
916 2857 1072 2933 pecuniam
1092 2857 1283 2918 auferendam
1297 2857 1419 2918 illarum

242 2952 399 3013 uentribus
423 2960 532 3014 utatur.

330 3050 388 3110 Sed
408 3068 481 3110 caue
501 3049 695 3132 obliuiscaris,
715 3051 893 3130 Polyzelum,
913 3052 1061 3130 quomodo
1082 3053 1192 3113 lactum
1212 3055 1258 3132 sit,
1279 3060 1312 3112 ut
1330 3055 1416 3132 oppi-

240 3148 311 3209 dum
330 3158 496 3228 caperetur,
519 3148 605 3209 aliter
623 3149 737 3208 referre
757 3167 845 3227 quam
864 3147 997 3229 Ergiam:
1020 3158 1111 3212 totam
1136 3149 1263 3211 fabulam
1282 3151 1325 3210 sic
1344 3159 1418 3210 'con-

241 3246 396 3306 formatam
420 3255 560 3325 tanquam
584 3249 701 3324 poetico
724 3245 868 3306 imbutam
892 3265 958 3306 esse
982 3247 1081 3308 colore
1106 3251 1172 3326 quis
1196 3233 1381 3308 diffiteatur?

328 3344 393 3404 lam
412 3362 485 3404 uero
509 3343 580 3423 quid
604 3362 640 3404 ex
663 3344 771 3406 fabulis
793 3345 828 3404 ad
855 3345 949 3423 ipsam
971 3344 1127 3406 historiam
1155 3345 1222 3406 clici
1250 3347 1357 3425 possit,
1391 3347 1419 3406 si

240 3445 434 3522 quaesiueriS,
453 3441 607 3502 Phalanthi
622 3443 741 3520 quidem
752 3461 860 3502 nornen
874 3442 952 3502 haud
964 3446 1025 3503 scio
1039 3462 1077 3504 an
1095 3448 1194 3523 gentis
1209 3446 1300 3506 fuerit
1314 3446 1416 3506 cuius·

241 3540 307 3600 darn
339 3542 508 3620 principum
539 3533 760 3622 Phoenicum.²)
815 3538 959 3618 lpbiclum
992 3549 1104 3622 autem,
1137 3543 1216 3620 quod
1247 3561 1355 3602 nornen
1384 3545 1417 3602 in

241 3638 422 3700 Graecorum
445 3635 553 3697 fabulis
576 3655 635 3698 non
660 3647 705 3698 est
728 3638 901 3718 solitarium,
925 3647 957 3700 et
979 3641 1077 3718 ipsum
1100 3642 1131 3699 in
1154 3641 1308 3700 historiam
1331 3639 1417 3700 labu-

239 3736 331 3796 larem
356 3735 525 3814 relegarim:
553 3739 693 3814 antiquus
717 3736 904 3798 Doriensium
933 3737 1022 3798 heros
1048 3738 1170 3798 uidetur
1192 3739 1299 3818 luisse,
1328 3740 1418 3798 cuius

241 3834 332 3894 ductu
357 3842 445 3912 atque
469 3836 609 3913 auspiciis
627 3834 792 3894 Phoenices
810 3833 916 3895 Graeci
940 3834 1091 3897 domuisse
1114 3854 1180 3896 sese
1204 3845 1235 3896 et
1257 3853 1294 3896 ex
1316 3835 1417 3896 insula

313 4033 339 4101 1)
363 4031 402 4088 cf.
422 4031 534 4087 Anthol.
553 4031 612 4088 Pal.
632 4038 697 4086 4172
722 4025 791 4087 ὥστε
815 4034 845 4086 τί
863 4030 1006 4102 παράξεις
1028 4028 1130 4088 λευκὸν
1154 4031 1227 4088 ἰδεῖν
1250 4029 1359 4100 κόρακα
1385 4038 1418 4089 el:

241 4119 307 4168 436:
332 4113 443 4166 Θᾶττοα
463 4110 513 4181 ἔην
532 4109 651 4175 lavacris
669 4109 795 4182 adcurrere
812 4109 920 4182 πτηνοῖς
937 4133 967 4169 τε
987 4110 1110 4184 χελώνας
1129 4109 1237 4184 εὑρεῖν,
1256 4109 1273 4183 ἢ
1293 4109 1416 4184 δόκιμον

240 4189 346 4265 ῥήτορα
364 4190 570 4262 Καππαδόκην.

312 4277 339 4343 2)
359 4273 488 4328 Nominis
507 4273 614 4328 formae
632 4273 823 4328 inueniuntur:
848 4275 956 4344 Phalis,
975 4274 1091 4345 Pheias,
1109 4275 1273 4344 Phalanteo,
1293 4274 1415 4329 Phalan-

240 4355 319 4422 thum
344 4355 377 4409 ef.
397 4354 484 4409 etiam
503 4354 556 4408 Ios.
576 4371 599 4408 o.
617 4354 670 4424 Ap.
690 4360 737 4423 32,
759 4355 809 4408 ubi
828 4356 999 4410 memoratur
1018 4355 1119 4425 Φέλης,
1143 4355 1218 4424 quod
1242 4356 1317 4408 certe
1335 4353 1413 4409 idem

241 4435 285 4490 est
302 4451 411 4490 nomen.
