3064 4966
691 285 933 349 -120-

226 458 296 510 sunt
318 450 426 532 ficticia
444 449 480 508 ab
499 447 557 508 illis
576 448 648 510 locis
669 449 801 530 formata,
826 467 884 528 qno
908 435 1065 508 aduenisse
1085 447 1249 509 ducebatur
1268 443 1407 532 beros.¹)
1501 443 1508 456 '

224 547 317 608 Porro
333 546 479 625 siquidem
494 545 692 607 Phorbantem
707 546 871 626 Apollinem
887 565 952 606 esse
972 545 1109 625 lalysium
1129 546 1409 628 comprobauimus,

224 643 414 705 Partheniam
442 643 563 704 Dianam
591 663 657 704 esse
685 644 741 704 boc
769 647 834 723 ipso
862 647 981 704 nomine
1005 643 1092 723 Ialysi
1119 645 1228 705 cultam
1261 645 1408 706 facillime

226 741 395 803 concludes.
442 740 588 812 Quoniam
612 745 691 802 enim
714 742 805 802 Diana
829 751 908 802 easta
931 744 1099 820 intactaque
1128 744 1213 822 uirgo
1237 762 1252 802 a
1277 743 1407 804 Graecis

226 841 349 919 cogitari
373 839 493 921 solebat,
517 859 571 900 cur
594 840 753 900 Parthenia
776 849 966 918 nuncupetur
990 843 1098 900 mirum
1123 859 1182 900 non
1206 834 1289 922 est2)

317 937 374 998 Sed
390 957 483 998 arnum
497 947 599 1018 restat,
623 939 700 1017 quod
717 937 921 1017 explanauisse
937 939 1136 1018 maximopere
1151 939 1272 1000 iuuabit.
1303 940 1407 1012 Quem

228 1039 307 1098 enim
336 1035 525 1118 Periergum‚
553 1036 676 1097 heroem
705 1046 786 1097 certe
815 1031 1016 1096 Camirensem
1045 1037 1136 1097 luisse
1161 1034 1288 1098 censes?
1335 1038 1406 1109 Qua

228 1135 264 1204 de
289 1153 377 1196 causa
398 1133 598 1195 Phorbantem
622 1135 745 1196 fratrem
769 1133 805 1194 ab
830 1153 864 1194 eo
888 1127 1030 1194 deuot'um
1055 1152 1120 1194 esse
1144 1135 1273 1214 indeque
1291 1136 1406 1197 Araeas

227 1233 339 1294 insulas
372 1251 480 1292 nomen
515 1235 665 1312 accepisse
697 1228 808 1312 putas?
859 1231 933 1292 Cum
964 1231 1099 1312 Apolline
1133 1251 1191 1312 qua
1222 1236 1337 1294 ratione
1372 1244 1406 1294 et

229 1330 337 1410 quibus
356 1330 584 1409 cogitationibus
603 1331 685 1390 ducti
705 1329 808 1390 Graeci
827 1327 985 1389 Herculem
1006 1333 1228 1413 coniunxerint,
1248 1326 1405 1415 constatd)

173 1508 175 1514 y
228 1427 331 1507 Neque
345 1430 495 1506 incognita
510 1428 607 1488 fabula
627 1428 683 1509 illa,
699 1447 756 1508 qua
771 1427 915 1488 Hercules
934 1426 1030 1506 lphito
1049 1429 1208 1490 interfecto
1223 1431 1404 1508 grauissimo

123 1529 126 1536 “
229 1525 332 1586 morbo
361 1527 484 1586 allectus
508 1545 524 1586 a
546 1527 651 1605 Pythia
679 1545 747 1586 cum
774 1525 918 1585 medelam
946 1525 1043 1586 morbi
1066 1526 1228 1606 flagitasset
1250 1527 1405 1607 repulsam

230 1625 346 1706 tulisse,
376 1643 430 1702 per
453 1627 514 1684 uim
544 1627 574 1684 in
603 1643 720 1685 sacrum
744 1623 887 1702 Apollinis
916 1625 1040 1684 irruIsse
1064 1643 1132 1684 cum
1157 1644 1251 1704 eoque
1276 1628 1340 1705 ipso
1366 1627 1405 1686 de

228 1723 345 1802 tripode
378 1729 529 1782 certamen
562 1725 664 1782 iniisse
697 1720 885 1802 perhibetur,
918 1722 988 1782 dum
1022 1721 1134 1801 iupiter
1167 1723 1290 1784 lulmine
1324 1727 1404 1785 iacto

229 1819 401 1900 proelioque
426 1819 552 1880 diremto
576 1819 735 1880 Herculem
760 1821 937 1879 seruitutem
961 1819 1062 1880 subire
1086 1815 1241 1904 iuberet4)

319 1917 413 1988 Quam
436 1935 574 1997 pugnam,
599 1937 666 1978 cum
691 1919 808 1995 saepius
832 1925 862 1976 et
886 1935 901 1976 a
925 1919 1021 1995 poetis
1041 1914 1255 1998 descriptam5)
1279 1930 1309 1981 et
1332 1923 1405 1981 ima·
1514 1961 1520 1971 ·

231 2013 349 2092 ginibus
377 2009 585 2097 illustratam6)
614 2034 679 2075 esse
711 2016 835 2094 sciatur,
871 2017 942 2074 satis
971 2015 1062 2075 luisse
1094 2015 1276 2078 nobilitatam
1306 2018 1407 2096 colligi

231 2121 338 2192 potest.
385 2113 466 2184 Quae
495 2133 562 2174 cum
590 2117 630 2174 ita
659 2115 731 2194 sint,
760 2111 815 2172 snb
843 2111 1011 2172 Phorbante
1039 2122 1068 2172 et
1091 2112 1231 2193 Periergo
1261 2115 1406 2176 iratribus

231 2210 395 2290 Apollinem
419 2211 511 2272 latere
536 2211 673 2290 lalysium
697 2218 785 2289 atque
804 2209 964 2269 Herculem
984 2209 1193 2294 Camirensem,
1216 2214 1405 2291 imprecatio-

232 2327 360 2387 nemque
387 2307 466 2370 illam
490 2308 623 2388 Periergi
647 2308 681 2368 ad
706 2307 830 2368 eandem
858 2305 906 2367 uel
935 2307 1060 2368 similem
1088 2327 1151 2369 rem
1180 2312 1332 2388 pertinere
1357 2329 1406 2371 su-

233 2409 340 2486 spicor.
378 2406 419 2466 Ac
438 2407 612 2486 Periergum
632 2407 751 2487 quidem
770 2405 929 2466 Herculem
949 2424 1015 2466 esse
1036 2405 1236 2467 Camirensem
1256 2425 1291 2466 eo
1311 2411 1406 2486 magis

232 2503 424 2586 crediderim,
458 2504 536 2583 quod
564 2507 595 2565 in
623 2504 678 2565 bac
706 2503 780 2564 urbe
813 2522 948 2582 magnam
976 2511 1091 2582 partem
1123 2503 1282 2564 Phoenicia
1314 2504 1406 2566 huius
1508 2565 1515 2572 ,

231 2604 419 2681 potissimum
443 2603 490 2663 dei
513 2603 626 2664 ocultum
649 2603 785 2662 lloruisse
810 2603 898 2662 etiam
922 2603 1052 2661 carmine
1076 2600 1126 2660 illo
1149 2600 1287 2662 Pisandri
1311 2602 1407 2663 Cami-

232 2703 330 2761 rensis
347 2700 499 2784 probatur,
524 2701 602 2781 quod
618 2703 794 2780 inscriptum
810 2707 873 2760 erat
887 2689 1076 2780 Ἡράκλειοι,
1100 2718 1158 2780 quo
1174 2703 1304 2762 carmine
1328 2702 1406 2764 hanc

233 2799 374 2877 fabulam,
398 2817 485 2877 quam
509 2798 605 2859 obiter
629 2801 725 2878 attigit
747 2797 938 2878 Dieuchidas‚
965 2799 1059 2858 lusius
1083 2797 1287 2858 adumbratam
1311 2800 1405 2860 luisse

233 2899 299 2957 ueri
323 2915 381 2956 non
407 2905 452 2956 est
475 2895 616 2956 absimile.
657 2896 775 2957 Nouum
798 2899 890 2976 igitur
914 2896 1023 2957 habeas
1047 2895 1233 2958 celeberrimi
1256 2896 1406 2970 illius'Pi7
1509 2899 1514 2906 ’

234 2993 334 3054 sandri
365 2996 508 3072 poematis
542 2994 754 3074 fragmentum,
787 2994 865 3072 qnod
898 3013 933 3054 ex
966 2996 1031 3071 ipso
1059 2994 1116 3054 boc
1149 2994 1284 3055 Pisandri
1315 3014 1407 3074 opere

234 3092 372 3151 haustum
392 3109 457 3151 esse
477 3099 592 3151 tantum
614 3110 672 3152 non
692 3092 798 3152 clamat
816 3111 925 3154 nomen
945 3087 1109 3171 ‘Periergi'
1124 3091 1250 3154 'Herculi
1268 3093 1407 3175 inditum,

234 3191 252 3250 i.
269 3208 293 3250 e.
318 3185 381 3269 ‘qui
396 3188 505 3249 multos
520 3193 693 3269 exsequitur
716 3185 844 3251 labores'
868 3200 1026 3271 propterea
1049 3191 1129 3269 quod
1153 3179 1288 3251 carmine'
1306 3190 1408 3252 Pisan-

235 3286 307 3347 dreo
335 3286 452 3347 labores
481 3286 618 3348 Herculis
647 3296 783 3349 accurate
817 3291 995 3368 copioseque
1024 3288 1189 3350 celebratos
1223 3290 1314 3350 luisse
1347 3309 1408 3350 non

236 3405 314 3447 unus
338 3394 385 3448 est
407 3379 548 3468 auctor.⁷)
1116 3392 1117 3396 ’

308 3577 334 3644 1)
354 3571 485 3644 Θαμνεὺς
504 3593 567 3630 cum
585 3573 710 3646 deipnos,
733 3576 752 3631 i.
772 3592 797 3646 q.
818 3577 932 3646 dumus,
959 3577 1103 3645 cohaeret,
1122 3579 1151 3631 et
1170 3576 1290 3631 Schedia
1308 3579 1407 3646 σχεδία

237 3656 280 3710 est
298 3655 434 3724 ‘cymba’.
912 3670 914 3673 ·

307 3739 335 3806 2)
354 3735 395 3790 cf.
403 3733 502 3788 Aesch.
513 3735 565 3804 Ag.
577 3741 641 3790 135:
654 3731 777 3806 ’Ἄρτεμις
790 3731 865 3804 ἁγνοί
875 3738 905 3790 et
914 3735 998 3805 Soph.
1008 3736 1051 3790 El.
1063 3741 1145 3791 1239:
1154 3731 1277 3806 Ἄρτεμις
1286 3731 1408 3806 ἀδμήτα.

307 3817 334 3882 3)
354 3815 393 3870 cf.
413 3815 605 3870 Prellerum
622 3817 642 3870 l.
662 3834 685 3871 e.
704 3818 730 3870 Il
748 3835 775 3886 p.
798 3821 945 3870 162-164.

308 3897 335 3963 4)
355 3895 394 3950 cf.
413 3895 615 3966 Apollodorum
631 3903 655 3965 2,
667 3903 691 3964 6,
706 3901 730 3950 2.
762 3897 950 3964 Paus.10,13,
965 3903 990 3952 4.
1023 3896 1096 3950 Plub.
1111 3897 1146 3952 de
1161 3895 1200 3952 Ελ
1213 3913 1257 3966 ap.
1272 3895 1372 3966 Delph.
1382 3903 1406 3952 6.

309 3977 334 4044 5)
355 3976 394 4032 Of.
414 3977 494 4031 Paua.
507 3981 638 4046 10‚13,4:
662 3972 891 4046 παραδεξάμενοι
911 3973 943 4030 db
963 3973 992 4029 ol
1009 3973 1194 4046 ποιηταὶτὸν
1213 3974 1296 4046 λόγον
1315 3973 1408 4046 μάχην

236 4051 405 4124 Ἡρακλέους
423 4051 494 4123 πρὸς
509 4049 664 4110 Ἀπόλλωνα
683 4055 747 4124 περὶ
765 4058 896 4124 τρίποδος
916 4050 1042 4127 ᾅδουσιν.

309 4137 335 4199 6)
356 4132 395 4189 Cf.
416 4135 517 4204 compl.
537 4134 614 4188 rend.
636 4140 712 4202 1868,
731 4153 758 4203 p.
778 4139 892 4189 31-51.

310 4217 336 4283 7)
355 4213 395 4268 Of.
416 4213 530 4268 scidam
550 4232 569 4268 s.
589 4233 616 4268 u.
636 4215 822 4282 Πείσανδρος·
844 4256 894 4269 ...
914 4217 1021 4286 ποίημα
1040 4213 1072 4271 δὲ
1092 4209 1182 4270 αὐτοῦ
1198 4211 1357 4286 Ἡράκλειοι,
1377 4213 1408 4270 ἐν

240 4297 356 4367 βιβλίοις
377 4290 414 4367 β’,
439 4291 493 4348 εἰσὶ
511 4291 543 4348 δὲ
563 4289 598 4347 τὰ
616 4294 667 4348 τοῦ
682 4289 851 4362 Ἡρακλέους
871 4293 938 4365 ἔργα
958 4294 1032 4351 ἔνθα
1051 4297 1159 4366 πρῶτος
1174 4292 1307 4366 Ἡρακλεῖ
1322 4293 1408 4368 ῥόπα-

237 4379 286 4430 λον
315 4373 502 4445 περιτέθεικε.
541 4373 581 4427 Of.
606 4374 691 4430 schol.
716 4375 753 4429 ad
775 4373 869 4445 Apoll.
892 4375 944 4431 Rh.
964 4377 982 4430 l.
1001 4376 1026 4431 I:
1056 4378 1231 4447 Πείσανδρος
1257 4373 1290 4431 ds'
1314 4395 1408 4448 φησιν,
