3064 4966
563 365 844 430 -113-·

94 531 278 590 testimoniis
299 528 383 609 adde,
407 546 481 608 quae
502 528 537 590 de
563 524 732 590 ‘beatorum
752 523 869 590 insulis'
892 526 1061 607 produntur
1082 547 1097 587 a
1117 530 1268 607 scriptori·

93 625 165 687 bus:
190 627 223 688 E.
238 646 264 706 g.
283 626 452 687 Herodotus
466 625 506 686 lll
521 624 563 688 26
587 626 676 687 Oasin
700 626 806 688 urbem
825 627 949 706 Aegypti
969 620 1143 707 Μακάρων
1161 623 1268 705 νῆσον

95 724 247 786 audiuisse
272 727 396 785 nuntiat.
434 724 476 786 Cf.
501 727 588 785 etiam
618 725 719 804 Steph.
742 724 808 804 Byz.
832 743 855 784 s.
875 743 903 785 u.
928 716 1069 797 Αὕασις·
1094 716 1268 805 Μακάρων

5 819 6 888 J
95 820 201 902 νῆσος
219 813 239 902 ἡ
260 813 389 898 Αὕασις
401 812 582 902 Ἡρόδοτος
600 816 655 883 καὶ
675 819 813 902 Δοῦρις.
848 822 889 882 Ac
907 815 1030 904 Suida¹)
1046 831 1075 882 et
1089 815 1269 902 Hesychio²)

95 919 271 980 atrctoribus
294 919 462 981 Thebarum
486 919 624 980 Boeotiae
648 923 752 1000 capitis
776 938 828 979 arx
847 912 1023 1001 Μακάρων
1045 918 1149 999 νῆσος
1171 918 1268 998 appel·

95 1016 228 1079 labatur:
251 1037 309 1098 quo
328 1020 469 1078 nimirum
489 1021 607 1078 nomine
626 1019 668 1079 nil
687 1018 764 1078 aliud
784 1019 961 1097 exprimitur
979 1025 1068 1097 atque
1087 1018 1271 1096 significatur

95 1118 155 1175 nisi
183 1115 308 1176 Macaris
332 1116 384 1176 ‘dei
406 1115 559 1177 Phoenicii
587 1116 700 1177 cultum
723 1116 783 1176 illic
813 1117 903 1176 fuisse
928 1107 1148 1198 celebratumf)
1194 1115 1284 1175 Tum

95 1232 171 1274 nero
197 1213 357 1294 Candalus,
381 1231 470 1293 quem
495 1213 586 1275 Cotum
611 1214 721 1293 fugisse
746 1215 881 1274 edoceris
905 1232 920 1274 a
945 1212 1102 1274 Cedalione
1125 1212 1174 1274 uel
1198 1211 1271 1272 Can·

99 1311 187 1372 daule
211 1312 339 1373 Hercule
362 1312 412 1373 uel
435 1311 583 1374 Mercurio
608 1311 698 1393 Lydio
722 1315 896 1392 neutiquam
920 1305 1057 1395 differt.⁴)

189 1410 304 1482 Quibus
333 1409 423 1472 rebus
452 1410 589 1472 omnibus
613 1414 759 1491 reputatis
783 1420 872 1490 atque
896 1413 1069 1472 examinatis
1094 1411 1271 1470 sententiam

99 1507 135 1567 ab
159 1508 293 1569 Helltero
317 1510 334 1569 l.
360 1529 383 1570 c.
408 1509 448 1569 lIl
471 1529 499 1589 p.
523 1506 611 1571 5-6
635 1518 665 1570 et
688 1519 748 1570 not.
776 1507 815 1570 17
841 1509 948 1570 editam
972 1509 1198 1588 defensamque,
1222 1509 1273 1586 qui

97 1605 133 1665 ab
158 1607 351 1668 Althaemenc
376 1607 488 1668 cultum
510 1607 586 1668 Solis
609 1611 638 1668 in
659 1608 786 1669 insulam
806 1607 961 1668 inductum
981 1626 1046 1668 esse
1066 1605 1272 1686 suspicabatur

98 1707 170 1764 satis
198 1706 357 1767 refutatam
386 1724 452 1766 esse
482 1705 636 1766 concedes.
682 1706 789 1767 Postea
818 1707 958 1766 nimirum
982 1723 997 1765 a
1021 1705 1144 1766 Rhodiis
1174 1703 1273 1763 Solem

99 1821 168 1864 cum
197 1803 304 1866 fabulis
338 1803 592 1883 religionibusque
625 1823 697 1866 uere
726 1804 848 1865 Graecis
871 1814 952 1864 arete
981 1807 1174 1866 coniunctum
1207 1821 1273 1862 esse

99 1901 204 1962 uideas
234 1921 270 1963 ex
302 1903 444 1983 Pindaro,
478 1905 587 1983 qnippe
621 1904 672 1981 qui
704 1902 788 1963 illum
816 1904 982 1964 sortitionis
1015 1903 1138 1964 deorum
1167 1899 1274 1960 fabulis

101 1997 223 2060 Graecis
247 2009 399 2081 expertem
420 2003 477 2062 etsi
496 2019 554 2061 non
577 2000 681 2062 reddat
704 2003 888 2082 participem,
912 2009 1040 2062 attamen
1060 2000 1132 2080 quid
1151 2001 1275 2079 praemii

100 2095 206 2158 tulerit
229 2117 245 2157 a
268 2097 331 2159 deis
355 2098 509 2177 neglectus
532 2106 666 2160 enarret:
690 2118 726 2159 ex
748 2118 805 2178 qua
825 2102 887 2178 Ipsa
908 2099 1022 2160 fabulae
1041 2101 1155 2160 ratione
1176 2097 1275 2158 Solem

100 2212 159 2255 non
184 2196 353 2276 indigenam
376 2197 428 2257 sed
452 2195 605 2277 aduenam,
629 2205 663 2258 ut
686 2200 726 2258 ita
749 2197 855 2278 dicam,
881 2205 970 2276 atque
994 2199 1185 2277 peregrinum
1208 2213 1275 2256 esse
1387 2262 1389 2272 ,

102 2291 169 2352 luce
194 2295 228 2354 ht
250 2294 367 2356 clarius.

193 2391 251 2453 Sed
275 2411 335 2453 non
359 2391 455 2454 solum
479 2393 557 2454 unde
580 2393 734 2472 profectus
757 2395 796 2452 sit
820 2412 927 2454 uerum
952 2395 1041 2456 etiam
1060 2393 1111 2454 ubi
1131 2401 1161 2454 et
1179 2394 1276 2472 primo

102 2495 131 2548 et
149 2491 310 2570 praecipue
329 2489 465 2552 floruerit
480 2489 557 2552 Solis
577 2489 675 2551 cultus
695 2490 805 2569 ubique
824 2491 1016 2571 peruulgatae
1034 2491 1141 2552 dedeo
1161 2490 1276 2551 fabulae
1333 2563 1335 2568 ι

6 2641 8 2646 ,
103 2596 223 2648 exortae
248 2590 316 2669 sint,
339 2588 423 2650 facile
446 2587 649 2668 inuestIgabis.
687 2587 785 2648 Solius
809 2591 888 2650 enim
903 2589 1023 2650 Pindari
1042 2591 1094 2668 qui
1113 2591 1277 2668 inspexerit

6 2677 7 2682 ’
102 2685 195 2746 uerba
215 2685 259 2748 01.
273 2685 324 2746 VII
341 2684 397 2748 74:
420 2670 470 2748 οἷν
493 2679 572 2770 (scil.
591 2676 765 2769 Ἀίιαδάν)
789 2676 836 2759 εἷς
859 2679 920 2766 μὲν
942 2679 1115 2767 Κάμειρον
1139 2678 1277 2767 πρεσβύ-

102 2775 204 2844 τατόν
225 2803 261 2844 τε
284 2782 393 2845 ἔτεκεν
419 2775 571 2846 Ἰάλυσον
601 2781 732 2845 Λίνδον
759 2804 809 2863 τε,
837 2783 924 2866 Ialysi
950 2785 1030 2846 hunn
1053 2786 1187 2864 mythum
1211 2803 1277 2845 esse

102 2897 161 2939 non
192 2884 330 2942 conicere
358 2901 417 2942 non
445 2885 569 2962 poterit,
598 2881 837 2961 quandoquidem
865 2881 992 2962 Ialysum
1024 2886 1183 2944 maximum
1206 2891 1278 2943 natu

104 2995 168 3038 esse
203 2979 289 3058 plane
323 2989 353 3040 et
385 2989 486 3060 aperte
519 2982 697 3059 pronunciat
729 2989 824 3059 poeta.
875 2981 919 3040 Ad
951 3000 1015 3041 rem
1048 2981 1278 3042 confirmandam
1343 3055 1345 3059 y

104 3077 258 3158 accedunt,
283 3096 356 3156 quae
383 3076 530 3139 Diodorus
554 3079 590 3137 de
610 3077 716 3137 Achaia
740 3078 849 3157 oppido
873 3080 903 3138 in
922 3077 1025 3158 Ialysia
1046 3074 1122 3159 (scil.
1142 3071 1278 3160 regione)

104 3177 267 3236 constituto
296 3176 398 3237 tradit:
436 3173 472 3237 οί
497 3167 533 3236 δὲ
565 3169 677 3236 λοιποὶ
704 3171 765 3236 τοῦ
792 3165 910 3236 Ἡλίου
938 3173 1053 3248 παῖδες
1081 3167 1138 3236 διά
1168 3168 1204 3237 τὸ
1233 3167 1278 3256 μὴ
1314 3257 1316 3262 Ι

104 3280 279 3353 μετασχεῖν
301 3271 363 3334 τοῦ
389 3267 502 3355 φόνου
529 3269 726 3354 κατέμειναν
755 3267 791 3333 ἐν
813 3262 919 3360 Ῥόδῳ
948 3267 1004 3335 καὶ
1022 3265 1218 3359 κατῴκησαν
1243 3267 1279 3333 ἐν

105 3367 143 3451 τῇ
164 3361 316 3454 Ἰαλυσίᾳ
338 3371 508 3444 κτίσαντες
530 3364 630 3433 πόλιν
651 3363 794 3451 Ἀχαΐαν.

194 3469 332 3531 Fortasse
355 3472 447 3550 igitur
465 3473 523 3531 iam
542 3470 668 3530 Achaiae
687 3472 718 3529 in
738 3470 944 3547 antiquissimo
963 3469 1060 3530 Rhodi
1079 3469 1188 3548 oppido
1203 3468 1280 3529 Solis
1322 3497 1324 3504 ·

106 3674 172 3720 σονς
195 3659 363 3727 κατεκτᾶτο,
387 3661 436 3712 καί
460 3661 597 3729 διεμέριζε
621 3655 673 3728 τὴν
697 3653 791 3727 χάραν
816 3655 920 3726 ἔρημον
944 3648 1041 3712 οὖσαν.
1078 3657 1165 3712 Vides
1193 3657 1281 3726 igilur

107 3734 188 3792 Oleni
207 3754 317 3807 quoque
336 3740 443 3793 cultum
462 3737 643 3795 Phoenicium
663 3738 819 3806 antiquitus
837 3735 867 3790 in
885 3737 953 3791 floro
971 3736 1065 3791 fuisse.
1095 3736 1162 3791 Inde
1177 3739 1281 3804 autem,

107 3817 181 3885 quod
201 3817 286 3872 Lesbi
302 3836 413 3888 quoqne
428 3819 546 3873 Macaria
561 3836 663 3873 nomen
677 3816 848 3883 occurrebat,
869 3817 1069 3886 mythogrnphi
1083 3816 1188 3871 Rhodii
1202 3835 1280 3870 suum

107 3896 246 3953 Menatem
266 3899 338 3954 Solis
355 3899 443 3953 filium
462 3899 563 3954 Rhodo
582 3899 703 3954 Lesbum
722 3895 828 3966 fugisse
847 3897 1048 3951 concluserunt.

179 3981 205 4047 1)
226 3977 302 4035 said.
322 3998 343 4036 a.
362 3999 389 4034 u.
409 3975 557 4049 Μακάρων
582 3980 677 4048 αἴρως’
702 3973 720 4046 ἡ
741 3973 893 4046 ἀκρόπολις
911 3977 968 4030 τῶν
988 3973 1019 4032 ἒν
1038 3977 1160 4051 Βοιωτίᾳ
1179 3975 1282 4048 Θηβῶν

111 4051 147 4118 ὥς
163 4052 330 4128 Ἀρμενίδας,

180 4141 210 4206 2)
227 4138 347 4209 Hesych.
367 4159 388 4194 a.
408 4158 434 4193 u.
454 4139 515 4194 ead.
534 4136 552 4208 ἡ
572 4133 724 4208 ἀκρόπολις
742 4137 797 4190 τῶν
818 4131 849 4190 ἒν
869 4138 990 4211 Βοιωτίᾳ
1010 4137 1122 4209 Θηβῶν.

181 4221 208 4288 3)
227 4218 271 4272 Ad
289 4220 360 4274 haec
379 4218 413 4274 cf.
434 4218 630 4274 Olshausen
648 4219 678 4272 in
696 4216 767 4272 Mus.
786 4218 874 4270 Rhea.
894 4215 959 4271 VIII
977 4236 1004 4287 p.
1019 4221 1070 4270 328
1082 4233 1123 4285 sq.

181 4303 208 4367 4)
227 4297 266 4352 cf.
287 4298 491 4354 Mouersium
511 4298 725 4369 l.·c.141'lsq.
764 4295 908 4362 Quomodo
933 4295 1069 4351 dedalion
1093 4314 1155 4350 eum
1182 4296 1284 4350 Orione

7 4339 8 4390 3
112 4393 230 4512 qouque
249 4377 567 4435 attrahaturque.
587 4377 815 4447 Hercungium
834 4375 880 4432 aaa
898 4375 1029 4446 Religion
1050 4377 1105 4430 una
1124 4376 1241 4443 uyua.
1257 4377 1283 4431 a.

8 4483 10 4520 t
136 4475 157 4512 r.
221 4477 248 4529 p.
268 4465 311 4514 88.

164 4556 344 4599 Dissertationea
358 4559 472 4600 Ienenses.
494 4560 520 4599 11

544 4544 552 4556 Ι

521 4589 527 4600 0

1056 4552 1072 4600 8
