3064 4966
628 330 844 394 „95-

234 495 347 556 Horum
380 512 485 572 agmen
519 493 607 558 ducat
638 487 833 576 Dionysius
866 491 995 573 Thrax,
1030 512 1118 572 quem
1147 493 1182 552 de
1216 493 1319 553 Rhodo

143 596 300 672 scripsisse
325 593 451 652 affirmat
475 589 576 670 Steph.
600 589 665 669 Byr.
689 611 712 651 s.
732 611 759 651 u.
784 583 920 669 Ταρσός·
950 587 987 652 ἐν
1005 588 1049 675 τῶ
1070 584 1144 671 περὶ
1163 581 1319 673 Ῥόδονδ)

142 691 352 752 Memorandus
368 693 457 751 etiam
472 689 590 768 lason,
605 707 693 768 quem
708 707 723 747 a
739 696 822 766 patre
838 688 1027 768 Nysaensem,
1042 707 1056 747 a
1069 697 1160 748 matre
1172 688 1319 748 Rhodium

142 789 294 850 Posidonii
313 787 482 868 philosophi
501 805 705 847 successorem
725 786 816 846 luisse
833 785 939 846 SuIdas
959 787 1061 846 tradit:
1077 776 1195 847 Ἰάσων
1212 786 1319 846 Μενε-
1360 827 1363 833 -

141 881 286 967 κράτους
319 876 475 956 Νυσαεὺς
503 879 538 944 ἐκ
570 876 716 966 πατρόςλ
741 873 804 944 άπὸ
834 875 871 943 δὲ
901 875 1024 965 μητρὸς
1051 874 1194 962 Ῥόδιος,
1227 876 1320 963 φιλό-

143 997 265 1064 σοφος,
293 975 449 1063 μαθητὴς
475 975 529 1043 καί
553 977 781 1063 θυγατριδοῦς
807 976 861 1041 καὶ
893 973 1049 1060 διάδοχος
1076 979 1134 1060 τῆς
1162 976 1197 1041 ἐν
1215 971 1319 1066 Ῥόδῳ

143 1080 316 1163 διατριβῆς
347 1077 582 1141 Ποσειδωνίου
604 1077 665 1139 τοῦ
694 1071 895 1158 φιλοσόφου.
916 1129 921 1140 .
943 1127 949 1140 .
969 1127 975 1140 .
996 1064 1094 1152 οὗτος
1120 1078 1241 1158 ἔγραψε
1265 1074 1319 1140 καὶ

143 1175 219 1262 περὶ
234 1171 364 1240 Ῥόδου.
397 1179 473 1238 Tum
493 1177 662 1237 Eucratis
676 1168 858 1238 Ῥοδιακῶν
876 1181 1055 1238 mentionem
1071 1178 1140 1238 iacit
1154 1177 1319 1257 Hesychius

74 1349 77 1356 ν
143 1298 166 1338 s.
188 1297 215 1338 u.
236 1275 385 1355 ἔλυτρον·
415 1266 589 1355 Εὐκράτης
608 1265 842 1366 ἐνῬοδιακοίς
861 1285 891 1336 et
914 1275 1019 1336 Athen.
1057 1273 1141 1356 Ill'p.
1165 1273 1256 1335 111ss
1276 1266 1321 1348 ῶς

143 1388 249 1455 φησιν
273 1365 455 1453 Εὐκράτης.
488 1373 603 1444 Quibus
627 1373 699 1434 adde
727 1373 954 1452 Antipatrum
976 1393 991 1433 a
1016 1374 1165 1453 Stephano
1190 1373 1255 1452 Byr.
1280 1376 1319 1433 ci·

142 1481 239 1534 tatum
264 1489 286 1532 s
311 1491 338 1532 u.
360 1461 527 1551 Ἀρμενία·
556 1462 767 1553 Ἀντίπατρος
791 1466 827 1532 ἐν
845 1471 944 1554 τρίτῳ
967 1465 1041 1552 περὶ
1060 1462 1188 1533 Ῥόδου.

233 1569 292 1630 Iam
327 1578 469 1648 sequatur
507 1567 750 1650 Epimenides,
788 1587 876 1648 quem
909 1569 944 1628 ab
977 1568 1150 1648 Epimenide
1184 1568 1320 1630 Cretensi

140 1667 361 1728 secernendum
395 1685 461 1726 esse
493 1683 595 1726 rerum
623 1666 839 1726 Rhodiacarum
873 1668 1049 1744 scriptorem
1082 1669 1196 1726 monuit
1223 1665 1320 1728 Laert.

140 1767 226 1844 Diog.
244 1763 266 1823 l·
284 1761 347 1825 115
366 1756 530 1843 Γεγόνασι
554 1757 592 1824 δὲ
609 1757 664 1824 καὶ
685 1754 890 1842 Ἐπιμενίδαι
910 1755 1005 1824 iiiior
1025 1757 1101 1824 δύο·
1127 1755 1194 1825 ὅτε
1208 1783 1319 1843 γενεα-

140 1855 244 1942 λόγος
266 1855 321 1922 καὶ
344 1861 452 1940 τρίτος
472 1851 489 1922 ὁ
507 1855 655 1942 Δωριστὶ
679 1852 853 1940 γεγραφῶς
875 1855 950 1941 περὶ
969 1852 1130 1944 Ῥόδουῗ)

233 1959 327 2020 Porro
341 1959 531 2039 Apollonio
540 1979 567 2019 m
583 1959 757 2020 Rhodium
773 1977 840 2019 cum
852 1959 1047 2039 complurium
1059 1959 1177 2020 urqum
1189 1960 1320 2038 κτίσεις,

143 2067 222 2138 quae
242 2065 397 2138 uocantur,
416 2065 480 2118 tum
499 2057 594 2116 Rhodi
613 2055 721 2116 κτίσιν
740 2057 870 2114 carmine
890 2058 1034 2116 cecinisse
1054 2059 1138 2116 testis
1158 2066 1203 2117 est
1219 2057 1319 2137 Stephl

140 2155 211 2234 Byz.
231 2175 253 2216 s,
274 2175 302 2215 u.
327 2147 474 2216 Λῶτιον·
505 2145 726 2226 Ἀπολλῶνιος
745 2144 763 2214 ὁ
783 2143 912 2226 Ῥόδιος
936 2147 972 2214 ἐν
990 2145 1111 2215 Ῥόδου
1134 2154 1251 2215 κτίσει·

805 2242 908 2311 Ὄσσα
931 2271 966 2312 τε
988 2252 1084 2332 γαίης

295 2342 401 2430 Ἔργα
422 2369 456 2410 τε
481 2343 657 2421 Δωτιάδος
679 2341 834 2428 πρότεροι
858 2341 966 2428 κάμον
986 2339 1187 2430 Ἀσμονιῆες

234 2447 274 2506 lie
296 2451 387 2507 sacris
402 2447 559 2508 Rhodiacis
580 2456 705 2525 egerunt
724 2447 917 2524 Theognis,
942 2447 977 2509 ci.
997 2447 1062 2508 Ath.
1078 2447 1142 2507 Vlll
1161 2467 1188 2527 p.
1204 2445 1270 2508 360
1284 2448 1320 2510 B:

142 2538 284 2624 Θεόγνις
308 2542 345 2606 ἐν
365 2538 399 2624 β’
422 2540 497 2625 περὶ
525 2542 593 2606 τῶν
616 2540 653 2605 ἐν
676 2535 780 2628 Ῥόδῳ
807 2541 940 2604 θυσιῶν
964 2553 994 2605 et
1017 2545 1131 2624 Gorgo
1156 2546 1191 2605 ah
1215 2546 1319 2606 eodem

142 2643 295 2704 Athenaeo
325 2652 504 2704 memoratus
529 2643 579 2702 XV
606 2662 634 2722 p.
659 2639 738 2722 696,
766 2641 801 2702 F:
835 2635 901 2701 Καὶ
925 2633 943 2703 d
968 2640 1014 2715 είς
1046 2643 1259 2724 Πτολεμαῖον
1283 2637 1321 2704 δὲ

142 2733 204 2802 τὸν
233 2738 366 2822 πρῶτον
395 2736 568 2820 Αἰγύπτου
593 2733 838 2820 βασιλεύσαντα
866 2733 970 2800 παιάν
999 2736 1102 2816 ἐστιν,
1135 2731 1176 2802 δυ
1199 2733 1320 2824 ᾅδουσι

138 2829 279 2898 Ῥόδιοι·
309 2837 373 2918 ἔχει
397 2831 461 2919 γάρ
480 2831 517 2900 τὸ
540 2830 586 2918 'Ill
610 2829 713 2899 παιάν
733 2832 934 2917 ἐπίφθεγμα,
958 2829 1002 2909 ῶς
1020 2851 1103 2918 φησι
1124 2832 1263 2921 Γόργων
1284 2835 1320 2900 ἐν

142 2932 190 3019 τῶ
210 2929 283 3015 περὶ
302 2931 369 2996 τῶν
390 2931 426 2996 ἐν
444 2927 548 3019 Ῥόδῳ
572 2931 713 2996 θυσιῶν.
751 2934 792 2994 CI.
813 2937 900 2994 etiam
924 2935 992 2996 Hes.
1013 2955 1035 2996 s.
1056 2956 1083 2998 u.
1105 2932 1319 3017 καταρραπτί-

143 3049 214 3111 της·
244 3025 385 3112 Γόργων
405 3027 442 3093 ἐν
460 3031 504 3117 τῶ
527 3027 601 3113 περὶ
620 3030 767 3093 θυσιῶν·
801 3027 1006 3105 ἐπιποίιαϊος
1024 3024 1146 3114 Ἑρμῆς
1166 3030 1201 3094 ἐν
1216 3025 1319 3118 Ῥόδῳ

144 3121 190 3202 ῶς
213 3123 353 3212 Γόργων
378 3127 509 3210 ἱστορεῖ.
547 3130 630 3191 PInd.
655 3130 698 3190 ol.
725 3130 775 3189 Vll
802 3129 817 3189 1
844 3130 948 3191 schol:
984 3124 1110 3209 ταύτην
1138 3123 1199 3210 τὴν
1227 3123 1320 3215 ᾠδὴν

143 3217 348 3288 ἀνακεῖσθαί
377 3242 459 3308 φησι
493 3221 633 3307 Γόργων
661 3224 697 3288 ἐν
725 3226 770 3313 τῶ
803 3226 861 3308 τῆς
893 3225 1035 3300 Λινδίας
1064 3219 1208 3307 Ἀθηνάς
1242 3226 1319 3313 Iuppi

145 3333 283 3406 χρυσοῖς
305 3318 505 3406 γράμμασιν.
547 3325 659 3386 Deinde
682 3325 968 3388 Philomnestum
994 3327 1029 3386 de
1054 3327 1138 3386 lestis
1165 3326 1320 3388 Sminthiis

218 3535 244 3602 1)
264 3530 305 3585 De
324 3534 378 3588 hoe
393 3533 461 3587 artis
476 3533 675 3603 grammaticae
691 3533 826 3602 scriptore
841 3533 898 3590 uid.
915 3533 1002 3589 Maur.
1018 3532 1203 3588 Schmidtium
1219 3535 1319 3590 Philol.

145 3611 199 3666 VII
217 3630 243 3680 p.
265 3619 316 3667 360
336 3631 385 3682 sq,
404 3612 469 3666 VIII
487 3632 513 3682 p.
534 3620 584 3668 231
605 3631 655 3682 sq,
675 3618 726 3668 510
746 3630 786 3682 aq.

219 3695 246 3760 2)
266 3692 309 3746 Ad
324 3693 483 3747 Cretensem
502 3694 581 3748 uaria
599 3697 709 3750 ueteres
728 3695 887 3749 referebant
905 3709 990 3762 opera
1009 3693 1111 3748 seriore
1130 3709 1200 3748 aeuo
1216 3693 1320 3764 scripta

144 3772 175 3824 et
193 3771 305 3840 poetica
329 3775 359 3825 et
382 3773 475 3826 soluto
503 3773 629 3827 oratione
656 3773 790 3829 confecta.
828 3773 868 3828 Oi.
892 3773 1001 3828 Fabric.
1025 3773 1055 3828 B.
1076 3773 1108 3829 G.
1128 3775 1139 3826 Ι
1159 3791 1184 3842 p.
1205 3779 1319 3830 32-35.

145 3850 175 3904 G.
197 3850 353 3906 Schultess:
373 3854 407 3906 de
427 3851 591 3922 Epimenide
611 3854 744 3908 Cretensi.
774 3854 861 3908 Boon.
882 3859 951 3907 1877
969 3871 996 3922 p.
1013 3857 1045 3906 58
1061 3871 1100 3922 sq.
1138 3853 1198 3906 Nec
1213 3853 1319 3907 factum

144 3947 201 3985 non
220 3933 274 3998 est,
298 3935 330 3986 ut
348 3933 446 3986 eadem
466 3933 570 4003 scripta
588 3933 749 4001 Epimenidi
766 3933 851 3988 modo
870 3932 1091 3999 uindicareutur‚
1111 3933 1194 3986 modo
1214 3932 1319 3987 abiudi-

144 4013 286 4065 carentur:
310 4012 400 4065 ueluti
417 4011 549 4068 historiae
569 4013 765 4068 Telchiniaeae
785 4014 926 4068 auctorem
941 4029 958 4066 a
976 4011 1117 4066 nonnullis
1137 4012 1236 4066 haberi
1254 4011 1319 4082 Epi·

144 4089 285 4144 menidem
304 4090 339 4145 ab
358 4091 423 4146 uliis
442 4091 613 4147 Teleclidem
631 4093 726 4161 prodit
746 4094 848 4147 Athen.
867 4093 919 4146 VII
934 4097 984 4146 282
1000 4093 1029 4144 F.
1064 4091 1153 4156 Quam
1172 4091 1319 4147 historiam

118 4228 122 4238 ,
145 4170 264 4223 eandem
284 4187 343 4225 esse
363 4175 449 4241 atque
469 4189 539 4242 opus
554 4173 666 4226 Laertio
681 4175 879 4226 memoratum:
899 4168 1052 4240 Κουρήτων
1066 4171 1116 4224 καὶ
1130 4168 1319 4242 Κορυβάντων

145 4247 256 4318 γένεσις
275 4249 323 4303 καὶ
339 4252 477 4320 Θεογονία
496 4252 580 4304 nullis
599 4252 732 4320 probauit
750 4251 922 4320 argumentis
937 4251 1081 4304 Fabricius
1096 4252 1114 4303 l.
1130 4269 1152 4308 c.
1180 4250 1318 4320 Ceterum,

125 4329 179 4381 ·ut
196 4327 268 4381 illud
287 4330 397 4398 addam,
417 4329 566 4385 Enomides
585 4329 748 4401 Etymologi
770 4331 841 4386 oud.
863 4326 1011 4400 Ἐνομίδης
1030 4326 1045 4384 ὁ
1065 4328 1099 4384 τά
1118 4335 1188 4386 θεῖα
1207 4329 1320 4402 γράψας

146 4408 182 4463 ab
202 4408 366 4478 Epimenide
386 4409 458 4466 Cret.
478 4411 552 4466 haud
572 4411 629 4465 scio
649 4429 684 4466 an
704 4412 901 4467 discernendus
919 4428 976 4466 non
994 4411 1039 4465 sii.
