3064 4966
589 291 625 301 -
677 257 739 320 119
788 250 853 302 -’

14 447 30 460 =·
110 420 193 491 Quin
225 421 314 482 etiam
341 423 373 480 in
399 422 463 498 ipsa
492 419 608 482 Camiro
635 417 801 500 Apollinem
825 410 1019 500 Ἐπιμῇλιον
1054 420 1167 482 cultum
1199 421 1292 482 luisse

14 567 15 586 1
111 511 274 601 constat.¹)
317 517 398 590 Quae
423 520 519 578 omnia
543 520 694 597 reputanti
717 518 789 578 mibi
812 517 931 598 quidem
954 520 1216 598 persuasissimum
1237 527 1292 600 est,

109 615 317 677 Phorbautem
345 619 444 696 ipsum
468 635 534 676 esse
557 615 723 696 Apollinem
750 616 880 696 pecudes
908 609 1115 698 pascentenr.²)
1150 616 1293 698 -Accedit,

14 791 16 796 ,
110 713 194 794 qnod
217 717 390 794 saepissime
410 715 451 794 iit,
475 722 508 774 ut
527 715 702 792 cognomina
722 717 774 798 eis,
795 713 903 793 quibus
922 715 1014 776 indita
1033 723 1112 796 sunt,
1136 711 1290 776 detrahan-

109 821 162 872 tur
188 821 397 892 secretamque
422 820 451 872 et
475 811 634 872 solitariam
658 812 755 872 lerant
777 807 971 894 personam.³)

142 979 145 985 ¹
204 909 321 980 Quibus
348 911 509 990 propositis
536 911 567 969 in
595 912 675 989 ipsas
703 909 739 970 de
762 909 930 971 Phorbante
955 910 1067 972 fabulas
1095 908 1211 972 lucilius
1234 913 1292 971 erit

109 1010 278 1087 inquirere.
325 1006 444 1069 lamiam
472 1006 640 1088 intelleges,
668 1026 722 1068 cur
749 1007 870 1090 Rhodii,
898 1011 1136 1088 quotiescunque
1159 1027 1175 1070 a
1203 1009 1290 1070 litore
1336 1060 1339 1064 .

109 1106 235 1186 longius
268 1105 473 1185 producebant
506 1105 629 1186 classes,
660 1104 838 1166 Phorbantis
870 1107 1011 1168 aduentui
1044 1108 1290 1188 sacrificauerint3

109 1204 272 1284 intelleges
286 1203 414 1284 Polyzeli
433 1205 579 1264 rationem
599 1203 764 1284 explicandi
783 1206 855 1264 satis
874 1223 940 1265 esse
959 1207 1098 1284 ineptam.
1131 1197 1291 1266 Faciebant

110 1304 258 1363 nimirum
273 1301 399 1381 Apollini
420 1301 592 1382 Phorbanti,
615 1320 631 1360 s
650 1318 709 1379 quo
728 1309 762 1362 ut
780 1320 883 1362 omues
902 1304 980 1362 ieras
999 1303 1112 1363 domari
1131 1305 1171 1364 ita
1190 1303 1291 1363 hostes

111 1402 143 1460 in
173 1399 262 1494 bello⁸
280 1419 384 1479 magna
408 1401 438 1459 ui
466 1398 635 1479 propulsari
659 1393 882 1482 confidebant.4)
928 1400 990 1480 Age
1013 1419 1087 1460 uero
1111 1400 1290 1462 Dieuchidae

112 1496 248 1558 fabulam
280 1499 449 1558 accuratius
481 1515 630 1576 exponere
663 1496 757 1557 liceat.
796 1489 911 1577 'Atque
944 1507 1040 1558 ortam
1072 1498 1191 1577 quidem
1226 1517 1291 1559 esse
1385 1527 1388 1534 ·

110 1595 370 1656 narratiunculam
399 1614 415 1654 e
445 1593 629 1667 sacrificandi
656 1597 770 1656 ratione
795 1595 981 1676 lelysiorum,
1010 1615 1068 1681 qua
1091 1598 1173 1656 serui
1197 1598 1290 1656 sacris

110 1711 242 1770 prorsus
266 1701 368 1754 essent
387 1692 513 1774 exclusi,
537 1692 726 1752 manifestum
750 1702 803 1754 est.
841 1693 984 1754 Thamnei
1004 1711 1077 1753 uero
1096 1695 1175 1772 regis
1194 1692 1291 1772 lalysii

111 1799 141 1850 et
162 1789 320 1872 Schediae,
344 1810 402 1870 quo
422 1790 572 1871 appulisse
591 1789 767 1852 dicebantur
784 1790 917 1851 Phorbas
938 1799 967 1852 et
986 1789 1153 1871 Parthenia,
1173 1793 1291 1853 nomina

187 2019 215 2086 1)
237 2015 276 2070 Gi.
296 2015 469 2070 Macrobium
484 2016 497 2069 I
513 2021 554 2081 li,
568 2020 616 2070 43:
636 2014 720 2070 aedes
734 2016 767 2068 ut
785 2015 880 2070 ouium
899 2015 1018 2084 pastoris
1032 2017 1098 2070 sunt
1111 2014 1186 2084 epud
1201 2015 1291 2070 Osmi-

112 2111 210 2152 rcnses
231 2093 388 2166 ἔπιμηλίον,
407 2095 482 2164 spud
497 2095 602 2150 Nuxios
621 2095 763 2164 ποιμνίου,
782 2095 906 2164 itemque
925 2096 993 2150 dens
1012 2090 1171 2164 όονοιιόμης
1190 2094 1292 2149 colitur

114 2177 145 2229 et
163 2177 242 2246 apud
261 2175 375 2230 Lesbios
394 2181 515 2237 ναπαῖος
534 2177 563 2229 et
581 2175 671 2228 multe
689 2177 754 2230 sunt
773 2173 941 2242 cognomine
959 2193 1009 2244 per
1022 2175 1147 2230 diuersae
1160 2175 1291 2229 ciuitates

114 2255 152 2308 ad
172 2257 222 2311 dei
239 2255 360 2326 postoris
379 2255 501 2310 officium
521 2253 700 2323 pertinentis.

188 2339 218 2406 2)
236 2337 334 2404 Neque
357 2335 428 2412 slies
453 2333 622 2390 Phorbantis
640 2350 743 2389 nomen
760 2349 816 2388 non
835 2333 967 2400 occurrit;
991 2333 1026 2389 cf.
1045 2332 1141 2403 hymn.
1161 2333 1243 2388 Hom.
1262 2333 1291 2386 in

114 2416 168 2485 Ap.
189 2421 256 2469 ιιι,
404 2431 406 2434 ·

322 2497 436 2566 Ὄππιος
455 2500 617 2572 μνωόμενος
637 2497 852 2568 interitionibus
871 2497 977 2570 ιιοόοην

320 2578 360 2637 Ἢ
375 2577 434 2652 ἅμα
455 2579 597 2652 Φόρβαντι
617 2579 742 2650 Τριόπου
761 2582 838 2652 γένει
857 2575 874 2650 ἢ
894 2575 946 2651 ἅμ’
964 2575 1103 2660 Ἐρεχθεῖ.

113 2714 158 2771 Ab
178 2715 280 2774 Ouidio
299 2717 365 2772 Met.
385 2717 424 2772 XI
444 2735 468 2770 v.
489 2722 541 2773 414
560 2716 685 2771 Phorbas
704 2716 893 2789 Phlegyurum
917 2733 965 2770 rex
987 2715 1128 2786 Apollinis
1151 2733 1230 2771 sucro
1249 2716 1291 2770 in-

115 2795 219 2852 imicus
237 2799 419 2852 memoretur:
475 2799 478 2804 “

758 2866 843 2922 ‘Nam
861 2868 969 2937 templu
987 2866 1121 2937 profanus

328 2947 408 3002 inuia
427 2964 490 3002 cum
509 2948 640 3018 Phlegyis
660 2948 783 3004 faciebat
800 2947 938 3018 Delphice
955 2947 1102 3002 Phorbus’.

113 3072 175 3127 Hac
202 3073 322 3128 maxime
346 3072 444 3127 fabula
466 3073 547 3126 nixus
571 3074 601 3126 et
623 3073 729 3127 scholio
752 3073 789 3134 ud
807 3073 838 3128 Il.
862 3075 892 3126 Ψ
908 3078 960 3127 660
984 3073 1004 3127 I.
1025 3073 1056 3126 A.
1076 3071 1240 3141 Hertung.
1260 3072 1291 3126 in

114 3151 199 3220 libro,
218 3153 267 3220 qui
285 3149 460 3206 inscribitur:
482 3149 545 3205 ‘Die
560 3152 689 3222 Religion
703 3153 760 3206 und
774 3151 947 3222 Mythologie
966 3153 992 3205 d.
1009 3150 1156 3205 Griechen’
1178 3151 1291 3220 Leipzig

117 3235 187 3287 1865
206 3231 395 3286 Phorbantem
414 3249 500 3285 unum
519 3248 553 3284 ex
567 3229 750 3286 daemonibus
768 3231 824 3286 illis
842 3230 927 3286 fuisse
947 3232 1073 3300 sumpsit,
1093 3231 1190 3298 quales
1209 3234 1290 3284 erant

113 3311 258 3382 Phlegyae
282 3313 311 3364 et
334 3309 484 3379 Lapithae,
508 3327 577 3378 quos
600 3313 684 3364 uocat
708 3311 954 3365 ‘Glutditmonen’.
992 3312 1030 3365 At
1051 3309 1081 3363 in
1104 3311 1154 3364 hes
1179 3310 1290 3364 tubulas

115 3389 285 3444 Phorbantis
303 3407 405 3446 nomen
428 3406 446 3443 a
467 3390 587 3457 posteris
610 3389 747 3444 intrusum
771 3391 883 3445 uidetur
905 3407 963 3444 esse
986 3389 1145 3444 fabularum
1168 3389 1289 3445 fabrico

116 3469 238 3524 toribus:
262 3469 362 3538 quibus
382 3485 450 3524 caue
470 3469 622 3538 quidquam
644 3469 758 3524 tribuas.
797 3473 819 3524 A
840 3469 947 3524 Phoebi
970 3469 1082 3524 nomine
1101 3469 1290 3526 Phorbantem

117 3550 157 3604 nil
177 3550 297 3617 differre,
316 3550 346 3606 id
364 3549 440 3619 quod
458 3567 487 3604 se
504 3547 757 3604 demonstraturum
776 3550 926 3619 pollicetur
939 3549 1074 3618 Hartung.
1090 3550 1108 3604 l.
1124 3567 1146 3604 c.
1160 3549 1188 3602 II
1201 3569 1228 3619 p.
1237 3557 1288 3606 238

115 3629 262 3698 (Phoebos,
282 3631 336 3684 mit
349 3630 448 3684 dessen
462 3629 571 3685 Numen
590 3629 649 3683 sein
669 3629 707 3700 [d.
722 3629 860 3700 Phorbas]
880 3629 969 3682 Numa
983 3629 1217 3696 zusammenfdllt,
1236 3628 1289 3684 wie

118 3708 169 3762 wir
187 3709 377 3781 gelegentlich
395 3709 492 3777 seigen
511 3710 632 3778 werden)
651 3726 789 3778 nusquam
808 3707 1019 3764 demonstrauit.
1337 3711 1339 3716 '

189 3792 216 3859 3)
237 3789 348 3844 Sufficit
361 3789 537 3844 admonuisse
551 3789 638 3856 Lucii,
657 3787 705 3857 qui
719 3789 780 3858 ipse
795 3806 905 3858 quoque
917 3787 1020 3858 Apollo
1035 3791 1090 3861 est;
1109 3791 1289 3857 Καλλιστοῦς,

15 3941 19 3948 Ι
117 3885 187 3936 quae
206 3871 250 3925 est
267 3869 371 3936 Diune3
400 3868 434 3923 ci.
455 3869 503 3924 Ot.
524 3867 728 3923 Muellerum
747 3870 816 3940 proi.
836 3887 862 3939 p.
884 3873 925 3923 75.
959 3867 1060 3922 Afferri
1079 3869 1164 3924 etiem
1182 3869 1289 3940 poterit

117 3947 292 4016 Tisamenus,
316 3950 398 4004 heros
417 3947 569 4018 Achaicus,
593 3949 668 4004 idem
692 3953 777 4018 etque
797 3948 908 4003 Orestes
932 3944 1091 4018 (τισόμενος
1110 3967 1146 4002 sc.
1166 3945 1216 4003 τὸν
1235 3969 1286 4004 ποι-

116 4026 205 4099 τέρα),
223 4029 371 4084 Penthilus
390 4027 532 4098 (πένθος),
552 4031 678 4099 Triopas,
699 4046 713 4083 e
732 4028 806 4085 Iouis
824 4027 944 4098 Triopas
963 4027 1076 4082 nomine
1095 4029 1243 4098 proiectus.

187 4111 215 4179 4)
234 4109 326 4164 Rhodi
351 4106 435 4162 etiam
458 4106 598 4179 Apollinis
621 4111 799 4178 erucupr'no
823 4109 944 4178 collegia
967 4107 1106 4163 extabunt.
1148 4107 1178 4162 E.
1202 4129 1228 4179 g.
1254 4111 1288 4164 ci.

116 4188 210 4244 Rossii
231 4190 313 4243 inser.
333 4187 406 4244 ined.
425 4193 490 4256 282,
513 4189 562 4244 ubi
585 4207 648 4245 mee
671 4189 784 4256 quidem
808 4187 939 4257 opinione
962 4186 1113 4258 legendum
1137 4188 1182 4242 est
1197 4184 1288 4242 Ἀπόλ-

117 4270 202 4331 λωνος
225 4267 497 4338 Στραταγιοιστοὶν.
534 4265 618 4336 Apud
640 4267 792 4322 Homerum
810 4267 972 4337 Apollinem
996 4283 1108 4338 pugnae
1127 4284 1182 4322 non
1201 4269 1289 4324 semel

116 4344 250 4403 interesse
268 4364 350 4402 nemo
368 4347 465 4402 nescit.
