3064 4966
495 369 817 434 .-97..

211 531 241 594 4.
266 535 385 615 Starh,
410 533 484 594 Gaza
507 553 535 594 u.
560 534 586 593 d.
610 533 720 613 philist.
743 531 846 613 Kirste,
868 532 940 592 Jena
967 528 1059 593 1852.

210 629 239 692 5.
265 633 412 706 Gue'rin,
436 631 477 692 lle
501 631 536 691 de
560 630 688 712 Rhodes,
711 629 794 690 Paris
820 627 913 691 1880.

212 727 240 792 6.
266 728 606 790 Schneiderwirthii
635 719 723 811 liber,
747 731 798 808 qui
817 727 1004 789 inscribitur:
1032 713 1220 788 ‘Gescbichte
1240 727 1293 787 der

264 827 341 888 lusel
369 827 491 888 Rhodus
519 827 594 888 nach
623 825 680 886 den
709 825 832 896 Quellen
860 821 1049 900 bearbeitet',
1079 824 1294 903 Heiligenstadt

267 923 364 1000 1868,
393 929 486 1004 magis
515 927 680 1005 posteriora
708 934 842 1005 tempora
870 931 984 1006 spectat
1008 942 1095 1003 quam
1119 925 1293 1002 antiquiora.

212 1024 291 1084 Alios
317 1027 400 1084 uiros
428 1024 531 1084 doctos
560 1025 611 1102 qui
634 1022 817 1082 Rhodiorum
843 1041 892 1083 res
916 1024 1051 1100 antiquas
1075 1021 1123 1080 hic
1146 1021 1205 1082 illio
1229 1025 1295 1082 atti-

115 1130 230 1202 gerunt
257 1121 305 1181 uel
333 1121 431 1200 aliquo
459 1121 546 1180 modo
575 1120 610 1180 ad
639 1139 688 1180 eas
716 1121 937 1198 cognoscendas
966 1119 1075 1199 aliquid
1103 1119 1295 1181 contulerunt

115 1239 175 1280 suo
201 1237 348 1299 quemque
372 1219 437 1279 loco
461 1217 766 1279 commemorabimus.

212 1316 288 1376 Sunt
316 1335 389 1376 uero
415 1316 520 1398 multa,
549 1335 624 1396 quae
648 1307 784 1377 accurata
808 1319 896 1378 etiam
919 1317 1071 1396 indigeant
1094 1320 1294 1398 inquisitione,

114 1417 149 1474 in
172 1431 230 1492 qua
249 1413 278 1472 id
296 1417 426 1493 primum
444 1414 590 1493 agendum
610 1417 676 1496 erit,
695 1421 728 1475 ut
752 1415 885 1494 singulae
904 1413 1029 1496 labulae,
1051 1433 1126 1494 quae
1146 1433 1162 1474 a
1182 1416 1294 1494 mytho·

115 1511 242 1591 graphis
269 1513 299 1571 in
327 1531 421 1572 unum
448 1521 617 1573 contractae
650 1521 680 1573 et
712 1516 887 1574 coniunctae
921 1522 1005 1592 sunt,
1035 1513 1243 1573 discernantur
1267 1521 1296 1574 et

118 1612 172 1670 cui
191 1627 326 1688 quaeque
351 1609 464 1670 insulae
484 1612 592 1690 oppido
617 1611 794 1672 addicendae
820 1614 879 1671 sint
903 1611 1082 1690 exploretur.

211 1707 313 1786 ltaque
332 1707 407 1767 hanc
425 1710 702 1768 commentationem
717 1712 757 1769 ita
772 1710 971 1788 instituamus,
991 1716 1025 1768 ut
1044 1709 1139 1785 capite
1160 1711 1296 1786 sequenti

118 1815 219 1868 totum
238 1805 404 1866 fabularum
423 1798 446 1864 a'
458 1804 586 1866 Diodoro
607 1806 803 1867 exhibitarum
824 1825 934 1886 corpus
952 1815 1092 1884 tanquam
1114 1806 1297 1866 dissecemus

116 1921 155 1964 ac
180 1921 252 1964 suae
278 1921 425 1981 quamque
448 1905 560 1982 patriae
584 1903 789 1986 attribuamus,
813 1907 908 1985 capite
931 1907 1020 1964 tertio
1044 1904 1080 1964 de
1106 1903 1229 1981 singulis
1251 1922 1297 1963 ac·

118 2003 257 2062 ornatius
280 2000 473 2080 disputemus

603 2107 816 2117 ---——--—-

594 2267 745 2364 Ooput
773 2268 828 2342 ΙΙ.

117 2430 312 2490 FABVLAu
341 2429 511 2490 DIODORI
540 2431 811 2491 sunucvnrvn
838 2430 974 2501 Arovu
1001 2430 1297 2491 Drsrouvurvn.

215 2589 246 2650 Si
265 2592 332 2670 quis
351 2589 464 2650 tabulas
479 2609 494 2650 a
509 2589 638 2650 Diodoro
657 2580 817 2650 memoriae
832 2591 983 2652 mandatas
1003 2599 1114 2652 attente
1129 2590 1298 2673 perlegerit,

120 2691 254 2770 primum
277 2705 351 2769 eam,
376 2707 450 2767 quae
475 2697 520 2749 est
542 2690 573 2748 in
593 2690 688 2767 capite
708 2683 751 2748 55
770 2688 838 2748 inde
858 2708 874 2748 a
893 2688 912 2765 ξ
934 2687 950 2750 1
976 2707 1071 2768 usque
1095 2689 1130 2749 ad
1150 2689 1169 2766 b
1190 2686 1219 2770 3,
1241 2708 1298 2768 qua

120 2787 160 2847 de
189 2785 380 2846 Telchinibus
412 2787 581 2866 diligentius
614 2794 731 2868 agatur,
763 2805 817 2865 per
850 2805 882 2846 se
913 2786 1077 2847 absolutam
1110 2795 1199 2867 atque
1231 2807 1298 2868 per·

121 2887 230 2944 sectam
251 2903 266 2944 e
285 2893 512 2964 ceterarumque
536 2886 702 2946 fabularum
722 2903 800 2944 nexu
819 2885 1003 2945 eximendam
1026 2904 1092 2946 esse
1114 2888 1212 2946 statim
1231 2905 1297 2965 per·

121 2985 237 3061 spiciet.
282 2983 322 3041 Ao
352 2982 448 3043 fabula
478 2983 597 3062 quidem
625 2983 698 3044 haec
727 2989 786 3042 est:
825 2977 951 3042 ‘Primos
985 2983 1111 3044 insulam
1139 2984 1298 3044 incoluisse

121 3079 289 3140 Telchines.
331 3079 384 3140 His
413 3084 486 3141 mari
515 3084 591 3142 natis
619 3089 650 3142 et
678 3079 820 3160 Caphirae
850 3078 960 3140 Oceani
988 3081 1063 3140 filiae
1092 3080 1298 3160 Neptunuma

120 3177 206 3238 Rhea
229 3177 397 3242 mandatum
417 3197 482 3240 esse
507 3179 702 3241 educandum.
748 3177 903 3237 lnuenisse
927 3188 1025 3238 autem
1050 3179 1115 3238 illos
1139 3198 1208 3240 oum
1228 3179 1298 3239 alias

121 3283 204 3336 artes
224 3284 254 3336 et
276 3295 325 3336 res
349 3277 384 3336 ad
413 3297 500 3338 usum
530 3295 717 3338 communem
742 3276 927 3354 pertinentes
951 3285 1014 3336 tum
1038 3279 1149 3356 primos
1174 3277 1299 3336 deorum
1376 3293 1380 3300 ’

124 3372 281 3433 simulacra
308 3375 487 3456 coniecisse,
511 3394 639 3455 quorum
663 3371 795 3452 exempla
820 3375 972 3434 etiamtum
997 3381 1141 3454 extarent,
1164 3382 1198 3434 ut
1221 3373 1298 3452 apud

123 3470 247 3531 Lindios
270 3470 435 3554 Apollinem
458 3471 660 3554 Telchinium,
679 3472 755 3551 apud
780 3471 901 3550 Ialysios
924 3470 1068 3531 lunonem
1096 3471 1297 3550 nymphasque

124 3566 307 3649 Telchinias,
335 3569 412 3648 apud
436 3569 622 3631 Camirenses
650 3571 793 3630 lunonem
818 3568 1008 3628 Telchiniam.
1054 3568 1182 3628 Eosdem
1206 3569 1298 3629 fuisse

121 3657 377 3750 praestigiatoreS,
409 3675 441 3728 ut
475 3687 527 3728 sua
561 3667 713 3728 uoluntate
743 3676 772 3726 et
800 3665 923 3726 arbitrio
955 3673 1161 3744 tempestatem
1193 3685 1298 3745 regere

122 3773 246 3842 possent
269 3767 350 3824 iuxta
374 3774 462 3844 atque
487 3765 669 3845 Chaldaeos3.
688 3764 723 3824 ad
747 3764 803 3823 hoc
827 3763 995 3823 facultatem
1019 3765 1050 3823 in
1074 3767 1117 3825 eis
1141 3765 1242 3846 fuisse,
1265 3773 1299 3825 ut

123 3860 286 3940 quamlibet
317 3862 477 3922 induerent
510 3863 648 3924 sormam:
681 3861 795 3922 artibus
822 3879 895 3921 uero
924 3862 1036 3921 suiset
1059 3861 1220 3922 mendaciis
1248 3865 1299 3940 qui

124 3959 293 4040 studerent,
330 3978 446 4020 eorum·
473 3961 564 4020 luisse
601 3954 740 4020 inuidos'.
791 3959 885 4030 Quam
918 3956 1045 4018 fabulam
1078 3961 1214 4036 quamuis
1246 3963 1299 4020 uni

124 4064 267 4136 certoque
305 4056 418 4118 insulae
457 4058 564 4136 oppido
603 4057 756 4117 uindicare
793 4075 853 4115 non
886 4057 996 4134 possis,
1030 4063 1131 4127 ,tamen
1166 4057 1299 4136 ipsorum

122 4153 308 4215 Rhodiorum
337 4173 402 4214 esse
430 4157 580 4235 propriam
609 4173 706 4234 neque
735 4155 922 4214 extrinsecus
945 4155 976 4212 in
1001 4152 1127 4212 insulam
1150 4156 1298 4215 inuectam

122 4253 307 4330 argumentis
330 4261 398 4331 post
421 4252 669 4313 confirmabimus.
731 4331 733 4334 .
988 4236 990 4242 ‚

214 4347 257 4407 hb
281 4348 336 4408 hac
360 4348 457 4410 sabula
482 4341 668 4410 secernenda
685 4357 730 4410 est
754 4367 806 4430 ea,
821 4365 895 4427 quae
920 4349 1056 4426 sequitur
1077 4347 1097 4424 ξ
1118 4345 1153 4409 4:
1177 4343 1300 4428 ‘Neptu-
1377 4346 1379 4351 ’

122 4463 198 4508 num
227 4465 295 4506 cum
320 4447 498 4508 adoleuisset
521 4446 621 4508 Haliac
645 4447 748 4508 Telcfr
770 4464 820 4505 ¹¹m
845 4447 957 4505 sororis
982 4463 1080 4504 amore
1105 4453 1223 4526 captum
1248 4465 1299 4506 sex

176 4555 357 4598 Dissertationes
370 4559 485 4600 Icncnses.
506 4559 538 4598 Π.
769 4562 772 4582 ³
1069 4551 1084 4599 'l
