3064 4966
736 330 980 394 -98-.

258 489 333 549 tilios
357 492 495 569 genuisse
519 490 661 551 etlilium
685 509 773 551 urnam
796 491 946 574 Rhodum,
976 513 992 553 a
1019 513 1075 573 qua
1098 496 1225 556 insulam
1249 515 1357 556 nomen
1383 516 1431 556 ac·

256 583 396 666 cepisse'.

344 685 445 765 Pergit
468 686 615 746 Diodorus
633 686 653 763 ξ
672 683 720 748 5⁸:
754 682 839 748 ‘Cum
858 687 988 768 Neptuni
1012 689 1063 750 srlii
1087 700 1291 772 nascerentur,
1314 695 1407 753 tum
1398 713 1430 752 m

256 784 299 842 eis
321 783 435 844 insulae
459 785 643 865 regionibus,
672 803 746 864 quae
770 786 806 845 ad
830 789 974 848 orientem
999 799 1172 870 uergerent,
1201 792 1348 872 gigantes,
1376 794 1431 870 qui

255 889 445 962 uocarentur,
468 901 535 942 esse
557 877 694 962 genitos’.
1323 933 1328 942 .

343 978 417 1040 Cum
452 979 506 1040 hac
539 981 636 1042 fabula
668 982 790 1042 forsitan
819 981 913 1043 Lindo
941 983 1102 1044 addicenda
1130 931 1321 1063 particula‘'
1302 1005 1356 1046 οτε
1385 978 1429 1065 δὴ

254 1072 321 1138 καὶ
333 1081 487 1141 coniunxit
510 1088 540 1141 et
563 1079 779 1158 conglutinauit
802 1098 881 1161 eam,
904 1098 971 1158 que
986 1084 1122 1159 sequitur
1141 1081 1160 1157 ξ
1181 1077 1226 1162 5¹³,
1250 1101 1338 1161 qnam
1362 1101 1430 1142 esse

254 1175 455 1237 Camirensem
486 1185 568 1238 certo
597 1176 785 1255 comprobari
812 1186 922 1255 potest:
955 1173 1079 1238 ‘Eodem
1111 1187 1259 1260 tempore,
1293 1183 1333 1240 ait
1360 1180 1429 1240 Dio-

253 1273 358 1356 dorus,
390 1274 491 1336 louem
525 1275 681 1335 Titanibus
714 1278 862 1353 superatis
890 1295 925 1336 ex
953 1275 1077 1336 Hinralia
1107 1277 1234 1356 nympha
1264 1287 1325 1338 tres
1352 1277 1429 1338 filios

254 1376 459 1452 procreanisse
485 1373 669 1453 Spartacum,
693 1372 844 1453 Cronium,
868 1369 993 1453 Cytum’.

341 1471 434 1532 Porro
464 1490 522 1532 una
551 1470 703 1550 solidaque
732 1479 777 1530 est
804 1470 901 1530 sabula
929 1491 1022 1550 eaque
1051 1471 1152 1551 Ialysia
1182 1491 1269 1550 quam
1293 1472 1366 1551 legis
1390 1473 1429 1532 de

252 1567 365 1628 Venere
395 1578 424 1629 at
447 1568 529 1630 Halia
557 1568 625 1628 inde
645 1587 660 1628 a
680 1568 700 1645 ξ
721 1565 741 1628 6
765 1587 860 1646 usque
885 1569 920 1629 ad
940 1569 959 1645 ξ
982 1567 1015 1631 7:
1048 1565 1205 1630 ‘Venerem
1224 1569 1354 1650 Cyprum
1373 1573 1428 1630 mi·

252 1675 403 1745 gratnram
425 1666 582 1745 Rhodique
606 1666 755 1745 appellere
780 1668 948 1745 cupientem
968 1687 984 1727 a
1003 1667 1133 1746 Neptuni
1157 1667 1224 1727 siliis
1243 1670 1301 1728 iam
1320 1667 1431 1727 adultis

251 1763 281 1824 id
304 1765 402 1824 iacere
426 1767 549 1826 uetitum
573 1766 716 1824 insaniam
741 1767 784 1824 eis
807 1766 944 1824 iniecisse
968 1767 1008 1824 ita
1032 1775 1066 1826 ut
1090 1773 1213 1824 matrem
1242 1772 1429 1844 stuprarent:

252 1872 433 1942 quiapropter
457 1881 472 1922 a
495 1871 579 1941 patre
613 1860 668 1921 suh
702 1869 781 1922 terra
815 1879 866 1921 eos
899 1862 1033 1923 occultos
1066 1881 1132 1923 esse
1165 1873 1195 1922 et
1227 1871 1430 1941 nuncupatos:

250 1951 449 2045 προσηῴους
477 1956 649 2038 δαίμονας.
686 1957 823 2040 Matrem,
847 1967 880 2019 ut
904 1962 1095 2038 ignominiam
1123 1961 1268 2039 ellrrgeret
1291 1963 1321 2020 in
1346 1977 1429 2020 mare

251 2073 282 2115 se
307 2059 471 2117 coniecisse
499 2057 674 2135 reliquoque
702 2064 836 2135 tempore
865 2056 1051 2118 Leucotheae
1087 2060 1205 2117 nomine
1234 2059 1327 2117 instar
1355 2057 1429 2116 deae

252 2153 362 2213 cultam
386 2150 472 2216 esse'.
1222 2140 1224 2143 ¹

340 2251 400 2312 lam
425 2271 498 2312 uero
522 2253 626 2330 capitis
647 2248 689 2311 56
710 2250 729 2327 ξ]
752 2250 792 2332 1²,
820 2245 853 2310 1¹³
877 2252 935 2312 duo
965 2252 1096 2312 membra
1121 2260 1288 2331 sequuntur
1312 2253 1429 2310 minora

250 2366 375 2426 prorsus
403 2349 611 2429 discernenda3
642 2352 771 2427 primum
800 2343 969 2412 ‘Telchines
998 2351 1189 2412 inundatione
1218 2367 1293 2428 quae
1326 2348 1429 2408 lutura
1486 2333 1490 2340 ”

251 2454 331 2506 esset
357 2449 524 2526 praesagita
551 2446 707 2524 insulaque
736 2447 838 2506 relicta
868 2466 934 2507 esse
963 2444 1138 2528 dispersos'3
1167 2446 1272 2509 deinde
1300 2440 1429 2524 ‘Lycum

250 2545 281 2604 in
295 2543 414 2624 Lyciam
433 2548 609 2625 peruenisse
629 2554 659 2605 et
672 2545 714 2604 ‘ad
729 2543 881 2606 Xanthum
900 2545 1010 2606 flumen
1025 2546 1152 2625 Apollini
1171 2545 1259 2624 Lycio
1279 2543 1428 2622 templum

252 2639 440 2705 extruxisse'.

339 2740 394 2802 Hic
416 2741 593 2822 ¹lahularum
631 2760 709 2802 nexu
746 2750 886 2819 tanquam
924 2743 1018 2801 inciso
1056 2741 1164 2818 prioris
1196 2741 1290 2815 partis
1323 2757 1425 2798 narra-

250 2840 452 2900 tiuncularum
477 2842 544 2902 linis
567 2860 601 2901 ac
625 2843 770 2902 terminus
795 2841 852 2900 erit
876 2837 1109 2898 constituendus,

338 2939 437 2998 Altera
465 2958 535 3018 pars
563 2939 729 3000 fabularum
757 2955 829 2997 uere
858 2938 1046 3012 antiquarum
1070 2934 1186 2994 initium
1211 2935 1289 3011 capit
1308 2953 1324 2992 a
1343 2953 1427 3014 para·

249 3036 361 3114 grapho
386 3037 505 3097 demum
529 3040 641 3118 quinta,
665 3056 721 3114 qua
746 3036 782 3094 de
807 3033 874 3094 Sole
900 3036 1022 3110 eiusque
1046 3031 1113 3090 siliis
1137 3032 1183 3108 agi
1206 3032 1362 3109 incipitur:
1392 3051 1427 3094 ea

250 3141 358 3216 autem,
377 3153 453 3212 quae
472 3137 628 3205 interiecta
648 3143 717 3196 sunt
736 3133 773 3192 de
788 3131 980 3192 inundatione
999 3125 1055 3204 §2
1073 3134 1141 3206 post
1159 3129 1281 3186 inuenta
1299 3130 1427 3190 inserta·

250 3249 307 3310 qtae
328 3239 451 3309 atquae
471 3232 676 3311 disceptantur
694 3230 714 3307 ᾗ
735 3227 754 3289 3
777 3239 807 3290 et
823 3226 880 3305 §4
900 3229 1054 3286 maximam
1073 3233 1187 3304 partem
1206 3225 1273 3284 talia
1293 3236 1373 3305 sunt,
1392 3237 1428 3289 ut

250 3328 374 3408 abipso
403 3328 521 3389 Zenone
550 3331 714 3408 excogitata
742 3335 772 3387 ct
800 3329 922 3386 inuenta
946 3341 1011 3382 esse
1041 3321 1207 3382 uideantur.
1258 3320 1427 3386 Narrantur

248 3427 327 3486 enim
355 3426 440 3486 haec:
474 3422 588 3505 ‘Magna
612 3425 802 3488 inundatione
833 3430 934 3482 exorta
957 3421 1059 3499 paucis
1083 3421 1223 3499 exceptis,
1247 3421 1325 3479 inter
1350 3439 1427 3499 quos

250 3523 329 3583 louis
352 3523 429 3604 filiis,
452 3542 556 3584 omnes
579 3526 701 3603 perisse.
739 3522 815 3580 Tum
840 3518 938 3578 Solem
962 3516 1098 3576 Rhodum
1122 3513 1281 3594 adamasse,
1309 3519 1427 3578 insulae

249 3641 285 3682 cx
304 3621 353 3682 illa
377 3638 485 3682 nomen
505 3622 657 3703 indidisse,
681 3637 772 3699 aquas
792 3615 956 3694 reppulisse
976 3611 1127 3690 perhiberi
1147 3611 1266 3672 fabulis:
1291 3632 1323 3671 re
1343 3628 1428 3698 uera,

249 3721 300 3783 uhi
329 3720 566 3780 conformaretur
595 3718 690 3779 insula
720 3726 749 3776 et
778 3717 931 3792 existeret,
964 3711 1052 3769 deum
1085 3717 1194 3768 terram
1227 3710 1315 3768 etiam
1345 3711 1425 3773 lutu-

248 3819 358 3880 lentam
381 3817 506 3877 humore
526 3817 677 3896 liberasse,
701 3811 875 3874 animalibus
895 3808 1032 3888 implesse
1055 3813 1168 3884 septem
1188 3806 1263 3865 tilios
1282 3812 1426 3885 genuisse

248 3936 342 3997 eaque
370 3915 407 3976 de
436 3934 524 3976 causa
557 3915 593 3975 ab
621 3913 726 3974 incolis
753 3919 788 3970 ut
815 3916 966 3969 auctorem
1000 3923 1105 3965 eorum
1136 3912 1223 3982 atque
1256 3907 1425 3982 genitorem

247 4034 340 4077 unum
364 4017 496 4074 omnium
520 4016 645 4074 maxime
669 4002 834 4070 celebrari'.

335 4111 447 4172 Deinde
472 4108 547 4187 §5⁸
569 4127 665 4188 usque
694 4107 728 4166 ad
757 4104 849 4166 uerba
878 4094 1021 4172 Ῥοδίοις
1048 4091 1202 4181 ἡρωικῶν
1230 4102 1425 4164 continuatur

247 4229 322 4289 quae
346 4217 393 4268 est
416 4207 452 4266 de
478 4207 546 4267 Sole
571 4216 600 4267 et
623 4203 753 4264 Heliadis
778 4201 874 4262 tabula
897 4199 916 4276 ξ)
937 4197 957 4258 3
977 4199 1120 4276 instituta,
1140 4214 1215 4274 quae
1235 4198 1306 4273 quin
1327 4197 1424 4279 Ialyso
1521 4213 1522 4230 ²

246 4308 379 4387 proiecta
402 4307 441 4364 sit
464 4305 588 4364 dubium
616 4321 682 4364 csse
708 4320 767 4361 non
791 4307 902 4380 potest:
936 4292 1071 4356 ‘Nomina
1095 4302 1207 4371 septem
1231 4292 1424 4358 lleliadarum

247 4407 339 4466 luisse
359 4401 525 4484 Ochimum,
545 4400 741 4481 Cercaphum,
763 4399 917 4476 Macarem,
932 4394 1077 4470 Actinem,
1096 4389 1252 4468 Tenagem,
1271 4388 1423 4475 Triopan,
