3064 4966
737 332 971 396 -1282-

264 493 379 554 teribus
402 491 558 554 Phalanthi
585 493 651 552 illos
680 491 802 552 abderet
830 497 1015 571 persuasisse
1043 494 1160 574 fideque
1190 501 1220 554 et
1247 493 1446 555 iureiurando

264 610 331 652 eum
360 591 563 651 obstrinxisse.
609 589 725 670 Ipsum,
751 592 898 669 promissa
925 593 995 652 durn
1027 592 1158 652 solueret
1180 592 1301 671 barcas,
1330 609 1445 652 coruos

263 696 365 768 captos
388 707 527 769 gypsasse
551 695 748 768 gypsatosque
773 689 935 750 dimisisse:
964 690 1072 770 quibus
1096 692 1264 770 conspectis
1288 689 1444 768 slmulque

263 785 397 866 piscibus
419 788 451 846 in
475 795 589 848 cratere
610 787 825 847 animaduersis
845 787 917 848 adeo
937 790 1131 866 perterritum
1150 807 1215 848 esse
1235 787 1445 868 Phalanthum,

264 891 298 944 ut
321 883 476 944 obticendi
499 879 600 964 oppidi
624 903 676 964 spe
701 885 814 946 deiecta
839 902 906 944 cum
925 883 1037 963 Iphiclo
1061 885 1097 945 de
1121 903 1193 964 pace
1212 887 1270 944 iam
1290 902 1377 963 agere
1400 887 1446 943 in-

264 984 385 1062 ciperet.
422 983 513 1063 Atqui
537 1003 604 1044 cum
628 983 820 1043 conuenisset
842 984 922 1042 inter
946 1000 1005 1062 eos,
1029 991 1062 1042 ut
1082 985 1145 1044 slue
1165 982 1224 1043 ulla
1242 983 1350 1042 iniuria
1370 999 1469 1050 cum¹

264 1081 327 1140 suis
346 1081 454 1160 oppido
474 1081 594 1142 eederet
608 1079 797 1156 Phalanthos,
816 1078 896 1140 hunc
916 1078 951 1138 ab
972 1098 1006 1138 eo
1027 1083 1224 1160 excogitatum
1243 1099 1308 1140 esse
1328 1079 1445 1160 dolum,

266 1187 299 1238 ut
318 1180 448 1239 uictimis
468 1181 562 1240 caesis
574 1183 617 1243 ‚inl
631 1187 753 1240 uentres
773 1195 874 1237 earum
893 1195 1082 1257 permagnam
1098 1181 1159 1239 uim
1179 1180 1244 1238 auri
1264 1179 1444 1256 argentique

265 1279 417 1338 coniceret
436 1281 659 1358 coniectamque
679 1284 852 1356 asportaret.
891 1275 955 1346 Qua
979 1277 1082 1338 fraude
1105 1286 1262 1356 perspecta
1285 1273 1446 1355 Iphiclum,

263 1383 297 1436 ut
325 1384 432 1436 conatu
461 1375 634 1455 prohiberet
661 1374 839 1454 Phoenices,
869 1374 967 1450 ipsum
997 1391 1115 1453 quoque
1144 1375 1180 1436 ad
1210 1374 1344 1436 fraudem
1370 1391 1444 1434 cou-

264 1473 375 1548 lugisse
399 1473 441 1534 nil
467 1475 524 1534 nist
543 1475 661 1553 nauigia
678 1470 870 1552 praebentem
889 1469 1053 1532 Phalantho
1072 1473 1179 1534 demtis
1198 1491 1274 1552 quae
1294 1490 1351 1531 non
1371 1489 1444 1550 pro-

267 1573 398 1632 misisset
411 1571 487 1632 uelis
502 1579 589 1650 atque
605 1567 837 1650 gubernaculis,
861 1567 924 1638 Qua
944 1587 977 1628 re
997 1580 1115 1632 coaetos
1134 1570 1201 1632 illos
1219 1569 1297 1630 haud
1316 1587 1443 1648 paruam

265 1687 354 1748 opum
382 1677 496 1747 partem
525 1677 605 1730 terra
634 1666 798 1728 occultasse
826 1666 937 1746 ubique
965 1668 1141 1730 defoderent
1168 1669 1250 1728 locos
1282 1667 1444 1745 diligenter

266 1765 436 1844 designasse
456 1777 490 1827 ut
512 1775 632 1846 postero
653 1775 787 1844 tempore
807 1765 842 1824 ad
861 1769 1018 1845 pecuniam
1038 1765 1200 1827 eruendam
1220 1765 1336 1830 reuersi
1355 1763 1442 1822 facile
1510 1820 1516 1832 ,

264 1872 473 1944 agnoscerent;
493 1865 614 1926 alteram
634 1872 748 1944 partem
767 1862 878 1941 Iphiclo
899 1865 1064 1944 reliquisse.
1102 1863 1204 1942 Itaque
1224 1863 1327 1922 eiectis
1346 1860 1442 1921 Phoe·

266 1960 383 2022 uicibus
408 1961 536 2024 Graecos
560 1965 712 2042 regionem
736 1980 906 2042 occupasse.

354 2058 485 2122 Eandem
505 2080 568 2122 rem
588 2060 756 2140 Polyzelum
771 2058 920 2121 llhodium
939 2079 1075 2122 narrasse
1094 2061 1262 2122 Athenaeus
1281 2059 1299 2120 l.
1315 2078 1340 2120 o.
1358 2059 1442 2139 dicit,

264 2159 305 2216 ita
332 2166 432 2218 tamen
461 2159 660 2240 discrepuisse
689 2158 725 2218 ab
754 2157 856 2240 Ergia,
884 2169 917 2221 ut
944 2161 1098 2222 oraculum
1126 2161 1163 2222 de
1189 2158 1322 2240 piscibus
1346 2167 1376 2218 et
1405 2159 1441 2218 de

265 2257 366 2315 coruis
396 2253 559 2318 Phalantho
588 2257 700 2318 editum
730 2259 781 2317 uni
809 2265 912 2319 notum
945 2259 1036 2319 luisse
1067 2257 1173 2318 Phalae
1202 2250 1288 2340 (sici)
1317 2257 1442 2334 eiusque

266 2353 342 2414 filiae
366 2353 499 2436 Dorciae,
523 2363 610 2434 atque
634 2355 710 2414 hauc
734 2353 838 2434 Iphicli
857 2373 956 2416 amore
982 2359 1131 2416 incensam
1152 2358 1239 2434 eique
1263 2354 1443 2432 desponsam

266 2451 385 2532 lamule,
401 2462 435 2513 ut
453 2455 550 2532 pisces
570 2456 600 2512 in
616 2463 761 2513 craterem
780 2453 914 2534 iniceret,
929 2456 1114 2532 persuasisse
1135 2471 1302 2532 coruosque
1322 2451 1359 2512 ab
1378 2455 1442 2532 ipsa

266 2569 357 2630 gypso
382 2549 489 2610 oblitos
514 2551 660 2612 dimisisse
685 2549 826 2612 traderet.

354 2647 478 2708 Praeter
501 2637 554 2708 has
578 2646 691 2708 fabulas
714 2649 802 2708 etiam
826 2648 881 2708 alia
900 2651 958 2710 erit
976 2648 1170 2729 resptcienda,
1194 2665 1269 2727 quae
1288 2647 1442 2708 inuenitur

266 2745 343 2825 apud
372 2745 476 2826 Dictyn
505 2746 638 2808 Cretens.
661 2745 699 2805 IV
722 2743 757 2808 4:
786 2741 854 2806 ‘eos
882 2765 985 2808 omnes
1013 2750 1091 2826 iugis
1115 2746 1239 2808 Caucasi
1269 2746 1378 2804 montIs
1406 2743 1441 2804 ad

267 2842 385 2904 Troiam
410 2843 495 2906 duait
513 2837 644 2925 reliquos
664 2863 761 2924 neque
781 2862 906 2906 numero
925 2846 1083 2906 inferiores
1101 2846 1240 2924 imposito
1259 2842 1348 2902 Phala
1366 2841 1442 2902 duce
1519 2865 1521 2916 y

267 2949 355 3020 atque
380 2949 497 3001 rectore
521 2944 596 3002 mari
619 2943 709 3002 misit.
746 2941 804 3013 Qui
826 2943 941 3022 adpulsi
959 2943 1106 3024 Rhodum,
1130 2943 1181 3004 ubi
1205 2941 1442 3002 animaduertere

266 3038 393 3099 insulam
418 3038 539 3099 Graecis
563 3042 682 3120 sociam,
706 3041 805 3122 ueriti,
829 3059 866 3100 ne
890 3059 923 3100 re
948 3043 1065 3120 cognita
1088 3041 1320 3102 incenderentur
1339 3055 1441 3116 naues,

266 3135 376 3196 ibidem
400 3136 624 3216 operiebantur:
654 3156 687 3198 ac
716 3155 784 3198 mox
808 3137 896 3198 dluisi
919 3141 951 3199 in
975 3137 1124 3200 Camirum
1148 3147 1178 3200 et
1200 3138 1328 3218 Ialysum
1351 3135 1441 3196 urbes

268 3233 432 3314 opulentas.
478 3233 581 3314 Neque
606 3235 698 3296 multo
727 3245 794 3314 post
817 3234 924 3296 Rhodii
947 3236 1067 3297 Phalam
1090 3239 1228 3298 incusare
1252 3234 1331 3315 quod
1355 3232 1441 3313 paulo

267 3337 335 3391 ante
365 3349 469 3392 euersa
499 3332 535 3392 ab
563 3333 728 3394 Alexandro
762 3332 872 3394 Sidona
904 3336 997 3413 patria
1030 3352 1083 3394 sua
1116 3334 1256 3396 auxilium
1284 3335 1311 3392 ei
1339 3351 1355 3392 a
1383 3349 1441 3410 quo

267 3429 365 3488 laesus
390 3431 429 3489 sit
456 3431 536 3491 ferre
565 3438 702 3510 cuperet:
731 3449 790 3510 quo
814 3434 927 3492 animos
952 3434 1102 3493 exercitus
1124 3438 1349 3512 pormouerent,
1373 3447 1441 3490 coa·

267 3528 385 3586 firmare
409 3527 487 3588 haud
512 3528 670 3590 dissimiles
693 3527 888 3590 barbarorum
912 3529 1009 3590 uideri
1032 3549 1097 3610 coe,
1125 3531 1176 3608 qui
1206 3538 1266 3588 tam
1288 3525 1442 3606 indIgnum

267 3623 382 3684 lacinus
411 3623 614 3688 defenderent.
659 3626 750 3688 Multa
777 3636 944 3708 praeterea,
973 3645 1047 3706 quae
1079 3645 1240 3688 accensura
1265 3625 1391 3703 uulgum
1413 3629 1442 3682 et

267 3739 322 3800 pro
346 3739 378 3780 se
402 3722 509 3784 laoturi
533 3733 642 3806 essent,
666 3724 829 3785 disserere:
853 3743 928 3802 quae
952 3743 1000 3784 res
1024 3725 1233 3788 baud.frustra
1253 3723 1316 3784 luit.
1349 3721 1441 3782 Phoe·

268 3823 351 3880 nices
370 3837 507 3902 namque,
531 3825 632 3901 quiin
651 3840 686 3882 eo
711 3823 843 3881 exercitu
863 3821 983 3902 plurImi
1006 3821 1138 3904 aderant,
1160 3822 1288 3902 permoti
1312 3817 1441 3898 querelis

271 3917 454 3982 Rhodiorum
474 3939 511 3980 an
530 3920 669 4000 cupidine
685 3919 917 3998 diripiendarum
936 3938 1046 4000 rerum,
1061 3938 1135 3998 quas
1154 3937 1254 3980 secum
1275 3916 1441 3990 aduexerat,

268 4018 388 4080 Phalam
416 4019 564 4100 lapidibus
597 4019 726 4079 insecuti
758 4025 865 4081 necant
897 4017 1108 4096 distributique
1140 4035 1195 4096 per
1228 4034 1317 4096 supra
1350 4013 1442 4074 dictas

269 4117 360 4178 urbes
384 4137 490 4179 aurum
514 4137 547 4178 ac
571 4117 684 4195 reliqua
707 4115 834 4195 praedae
857 4119 936 4177 inter
960 4109 1215 4195 sedispertmnt'.

359 4215 419 4278 Has
442 4219 521 4277 inter
545 4214 658 4275 fabulas
678 4221 821 4292 quantum
840 4215 1000 4275 discrimen
1024 4212 1197 4291 intercedat,
1221 4213 1288 4290 quis
1307 4219 1353 4270 est
1372 4211 1441 4289 quin

209 4355 211 4360 ι
269 4311 392 4376 uideat?
438 4313 510 4374 Cum
540 4314 619 4372 enim
648 4311 683 4371 ab
716 4309 804 4390 Ergia
837 4321 867 4372 et
898 4311 1032 4392 Polyzelo
1064 4309 1229 4370 Phoenices
1261 4307 1297 4367 de
1329 4305 1441 4368 insulae

225 4475 231 4488 ,
268 4414 458 4495 possessione
478 4428 545 4470 oum
566 4408 686 4470 Graecis
706 4417 854 4470 certantes
878 4411 1055 4489 firmumque
1079 4405 1165 4486 Ialysi
1188 4404 1441 4486 propugnaculum
