3064 4966
643 283 921 348 «94¹-

314 447 414 508 Altero
441 449 498 507 iam
526 447 591 507 loco
620 465 829 508 enumeramus
857 448 1122 529 Antisthenem,
1151 467 1239 527 quem
1265 446 1398 508 eiusdem

226 547 331 606 aetatis
359 563 392 604 ac
420 544 568 605 Zenonem
597 544 688 604 inisse
717 552 747 606 et
774 543 891 605 librom
910 545 1000 606 huius
1029 548 1148 624 scriptis
1177 546 1304 606 similem
1330 564 1399 606 con·
1459 584 1462 588 -

226 644 332 703 secisse
361 643 494 702 cernitur
518 660 554 701 ex
577 641 698 721 Polybio
721 639 799 722 XVI,
825 641 879 724 14,
902 641 938 724 2,
967 643 1078 722 quide
1103 653 1230 722 utroque
1254 647 1400 724 scriptore

226 740 297 801 haec
322 741 391 800 facit
414 738 520 801 uerba:
554 731 674 819 Ζήνων
697 735 752 800 καὶ
774 732 989 820 Ἀντισθένης
1013 738 1049 801 ot‘
1068 731 1202 802 Ῥόδιοι.
1244 735 1312 802 Καὶ
1335 734 1400 821 yolo

225 831 306 916 κατδι
320 829 400 910 τοὺς
415 829 552 919 καιροὺς
566 829 724 916 γεγόνασι
743 832 798 899 καὶ
816 856 905 918 περι·
919 835 1021 916 ’[ττῶς
1039 835 1077 900 έν
1096 835 1238 922 σφετέρᾳ
1251 836 1399 919 πατρίδι]

225 936 484 998 πεπολίτευνται.
526 935 629 1015 Neque
653 935 748 996 Laert.
773 935 854 1016 Diog
874 935 932 1016 Vll,
956 933 976 997 9
1001 936 1037 996 de
1061 937 1234 997 Antisthene
1259 956 1400 997 nonme·

158 1028 165 1038 ’
226 1037 324 1115 mind,
353 1034 404 1095 sed
435 1037 475 1094 ita
499 1042 532 1094 ut
556 1036 653 1094 minus
684 1042 787 1094 notum
816 1053 884 1095 eum
908 1036 999 1096 fnisse
1024 1031 1169 1114 suspicari
1192 1037 1288 1114 possis
1312 1054 1401 1114 quam

227 1131 427 1192 Heracliteum
447 1139 477 1192 et
495 1131 671 1211 Ephesium:
690 1123 854 1212 Γεγόνασι
873 1127 928 1193 καὶ
947 1124 1041 1193 ἄλλοι
1061 1123 1285 1205 Ἀντισθένεις
1303 1140 1401 1214 τρεῖς,

223 1219 465 1310 Ἡρακλείτειος
488 1218 545 1307 εἷς,
569 1224 679 1310 ἔτερος
698 1220 859 1308 Ἐφέσιος,
881 1224 936 1290 καὶ
955 1222 1083 1303 Ῥόδιός
1106 1249 1155 1302 τις
1178 1223 1352 1312 ἱστορικός.

317 1327 410 1388 Porro
435 1327 493 1387 dno
513 1329 762 1388 commemorandi
788 1337 857 1388 sunt
876 1348 912 1388 ex
932 1348 1059 1407 qnorum
1078 1328 1218 1408 operibus
1238 1330 1401 1407 fragmenta

227 1425 262 1485 ad
283 1427 479 1504 antiquiorem
500 1433 625 1486 aetatem
645 1428 824 1504 pertinentia
844 1429 980 1504 quamuis
999 1445 1090 1506 parua
1110 1434 1235 1486 aetatem
1255 1427 1402 1488 tulerunt:

227 1524 353 1603 Ergias
377 1532 407 1583 et
429 1522 617 1602 Polyzelus
641 1522 786 1604 Rhodii,
810 1541 936 1602 quorum
961 1543 1036 1602 quae
1060 1531 1161 1584 extant
1185 1527 1294 1603 scripta
1318 1524 1402 1585 uides

227 1622 304 1701 apud
329 1619 520 1682 'Athenaeum
540 1619 617 1702 Vlll‚
642 1641 668 1699 p.
689 1617 754 1681 360
773 1621 810 1682 E:
840 1611 987 1702 Ἐρρείας
1010 1607 1073 1682 οὖν
1092 1612 1253 1694 ὁῬόδιος
1277 1618 1314 1683 έν
1332 1630 1403 1694 τοῖς

226 1713 300 1800 περὶ
319 1716 377 1799 τῆς
395 1715 612 1798 πατρίδος-
628 1726 657 1778 ct
676 1719 796 1780 deinde:
814 1710 854 1780 τὰ
874 1710 905 1778 δ’
927 1710 1011 1781 αὐτδι
1031 1713 1208 1798 ἱστορήσας
1221 1713 1276 1780 καλ
1291 1713 1401 1781 Πολύ-

228 1817 323 1896 ζηλος
351 1811 387 1876 έν
414 1824 484 1888 τοῖς
507 1807 692 1889 Ῥοδιακοῖς
714 1817 780 1878 κτλ.
827 1817 868 1877 Ac
896 1817 1049 1896 Polyzelus
1081 1817 1199 1895 quidem
1228 1816 1263 1877 ab
1287 1813 1402 1896 Hygino

227 1933 346 1994 quoque
369 1915 546 1994 producitur
569 1913 650 1976 Poet.
674 1916 791 1975 Astron.
810 1914 845 1995 ll,
871 1912 920 1976 14.
1154 1901 1163 1928 ’

320 2012 451 2074 Alterius
485 2021 582 2074 autem
616 2012 721 2092 Ergiae
753 2032 862 2072 nomen
895 2015 1094 2092 suspicionem
1128 2015 1222 2074 mouit
1253 2013 1402 2074 nonnullis

229 2113 302 2172 uiris
327 2111 422 2171 doctis
445 2110 563 2172 Enniam
588 2113 688 2190 potius
712 2109 901 2170 scribendum
927 2129 992 2170 esse
1012 2109 1171 2190 arbitratis,
1195 2113 1303 2190 quippe
1323 2111 1402 2190 quod

228 2227 334 2268 nomen
359 2227 417 2268 non
442 2206 528 2268 modo
553 2211 583 2268 in
603 2207 697 2287 Etym.
717 2208 753 2268 M.
773 2217 946 2268 occurreret
965 2198 1118 2290 (Ἐρξίας,
1142 2199 1250 2288 ὄνομα
1268 2202 1403 2289 κύριον·

226 2297 315 2386 παρὰ
338 2297 379 2386 τὸ,
401 2300 483 2385 ῥέξω
508 2300 626 2384 ῥεξίας,
650 2296 885 2392 ὑπερβιβασμῷ
907 2301 1015 2388 έρξίας
1033 2300 1050 2367 δ
1070 2299 1257 2387 πρακτικός·
1281 2298 1404 2386 ὁμοίως

226 2401 271 2489 τῷ
305 2398 433 2483 ῥέκτης,
476 2399 627 2485 ἔρκτης),
665 2404 715 2464 sed
755 2407 842 2464 etiam
880 2405 956 2485 apud
992 2405 1097 2464 Atlten.
1127 2402 1206 2485 ΧΙΙΙ,
1234 2424 1262 2484 p.
1291 2401 1403 2466 5le

228 2520 328 2562 rerum
345 2500 628 2580 Colophoniacarum
649 2503 803 2581 scriptoris
820 2505 983 2583 proprium.
1020 2501 1150 2580 Longius
1165 2521 1341 2582 progressus
1357 2511 1403 2562 est

229 2599 472 2660 Westermannus
497 2600 547 2677 qui
572 2599 648 2676 apud
672 2598 772 2680 Pauly,
796 2599 980 2679 Realencycl.
1001 2620 1023 2660 s.
1044 2619 1071 2660 u.
1094 2599 1198 2678 Ergias
1217 2599 1266 2680 lll,
1290 2620 1315 2679 p
1338 2597 1399 2661 331

227 2697 353 2757 eundem
379 2714 444 2756 esse
467 2695 547 2756 hunc
567 2694 685 2756 Erxiam
707 2705 795 2775 atque
815 2697 933 2758 Enniam
954 2697 1102 2757 Rhodium
1121 2705 1231 2758 censet.
1264 2697 1401 2758 Fortasse

227 2805 321 2875 recte3
345 2794 396 2854 sed
421 2793 620 2854 abstineamus
644 2797 815 2856 coniectura
839 2796 875 2855 dc
900 2815 931 2854 re
957 2813 1044 2874 qnam
1069 2797 1146 2855 seire
1171 2796 1253 2855 nolas
1277 2804 1331 2856 est.

316 2894 376 2972 Age
400 2910 473 2952 uero
497 2891 687 2970 dignissimus
707 2911 796 2972 quem
816 2895 972 2954 afferamus
992 2901 1037 2952 est
1060 2893 1293 2974 Aristoteles,
1317 2896 1402 2954 cuius

228 2992 306 3071 quod
331 2992 507 3069 inscriptum
531 2998 595 3050 erat
618 2991 791 3053 Πολιτεῖαι
814 2983 944 3052 πόλεων
968 2983 1045 3070 ρνη’
1070 3009 1153 3071 oprm,
1177 3009 1236 3069 quo
1260 3001 1341 3052 certe
1366 2991 1402 3051 de

227 3087 323 3148 Rhodi
362 3106 479 3167 quoque
518 3086 608 3148 rebus
646 3093 764 3168 egregie
797 3097 827 3148 et
858 3091 1010 3167 ingeniose
1049 3097 1146 3148 actum
1180 3097 1256 3168 erat,
1288 3091 1401 3168 perisse

228 3189 426 3264 maximopere
446 3185 604 3246 dolendum
624 3196 677 3246 est.
714 3186 861 3264 Excerpta
882 3193 951 3245 sunt
975 3205 1010 3244 ex
1029 3185 1076 3245 his
1100 3204 1174 3263 quae
1200 3185 1403 3246 Heraclidis

227 3286 346 3344 nomine
375 3291 491 3344 seruata
520 3291 605 3343 sunt:
634 3278 669 3342 ἐκ
698 3281 767 3344 τῶν
791 3274 1028 3363 Ἡρακλείδονς
1054 3281 1230 3368 πολιτειῶν
1253 3286 1402 3363 inscripta,

229 3381 281 3442 uhi
300 3381 336 3442 dc
356 3381 459 3441 Rhodo
479 3381 574 3441 insula
594 3382 735 3442 dicuntur
754 3382 842 3442 haec:
861 3371 980 3441 Ῥόδον
999 3379 1061 3460 τῆν
1080 3377 1187 3460 νῆσον
1204 3373 1241 3442 τὸ
1260 3373 1403 3442 παλαιὸν

227 3470 414 3559 κεκρύφθαι
435 3472 593 3557 λέγουσιν
611 3468 676 3539 ὑπὸ
696 3477 755 3558 τῆς
773 3471 957 3559 θαλάσσης,
976 3469 1191 3559 ἀναφανῆναι
1212 3472 1248 3540 δὲ
1262 3471 1403 3559 ὕστερον

227 3574 462 3658 ξηρανθεῖσαν.
496 3565 660 3642 Ἐκαλεῖτο
681 3569 718 3636 δὲ
740 3571 921 3656 Ὀφιοῦσσα
945 3569 1001 3636 διδι
1019 3567 1056 3637 τὸ
1076 3573 1206 3654 πλῆθος
1224 3573 1293 3636 τῶν
1312 3569 1402 3638 ἐνόν-

225 3695 293 3735 των
318 3665 438 3753 ὅφεων.
476 3673 519 3733 Cl.
542 3672 718 3733 Muellerum
742 3672 774 3734 F.
798 3673 832 3734 H.
857 3674 889 3734 G.
913 3673 947 3753 ll,
971 3694 999 3752 p.
1027 3671 1086 3734 161
1114 3682 1144 3733 et
1167 3671 1240 3734 222.
1284 3674 1402 3734 Scholio

227 3773 262 3832 ad
290 3771 407 3832 Pindar.
444 3769 487 3830 Ol.
513 3769 563 3829 VH
591 3771 681 3831 inser.
711 3763 865 3853 Διαγόρᾳ
892 3761 1011 3853 Ῥοδίῳ
1044 3762 1166 3853 πύκτῃ]
1202 3773 1338 3849 quamuis
1366 3771 1401 3831 ad

227 3868 413 3930 Aristotelem
438 3876 632 3946 prouocetnr:
660 3862 735 3949 περὶ
759 3861 796 3928 δὲ
819 3861 942 3929 τούτου
965 3864 1025 3928 τοῦ
1050 3859 1224 3948 Διαγόρου
1249 3859 1317 3929 εἷπε
1340 3861 1402 3948 μὲν

227 3960 282 4027 καὶ
303 3955 528 4044 Ἀριστοτέλης
550 3959 605 4024 καὶ
626 3955 795 4045 Ἁπόλλας,
823 3984 916 4046 pauca
939 3969 1038 4025 inesse
1062 3965 1238 4046 Aristotelisy
1261 3964 1402 4044 pleraque

227 4064 345 4145 Apollae
382 4066 445 4123 siue
479 4061 596 4142 Apellae
630 4063 745 4124 Pontici
778 4065 865 4124 docet
898 4063 955 4122 Val.
984 4063 1075 4143 Rose,
1108 4063 1228 4124 Aristot.
1261 4064 1403 4142 pseudep.

230 4183 258 4241 p.
283 4157 466 4223 514—517.

317 4259 359 4320 De
379 4261 501 4339 ceteris,
520 4277 594 4338 quae
614 4261 670 4318 iam
691 4267 871 4338 sequnntur,
896 4257 1093 4338 scriptoribus
1112 4258 1153 4318 nil
1174 4257 1236 4338 lere
1255 4261 1404 4336 comperis

228 4359 285 4416 nisi
309 4359 407 4436 ipsum
431 4375 540 4416 nomen
564 4375 748 4436 operumque
773 4375 847 4437 quae
870 4360 1056 4436 scripserunt
1079 4355 1189 4416 titulos.
