3064 4966
728 307 969 372 -108-

831 538 870 602 D.

353 668 482 746 lamiam,
506 675 539 727 ut
553 667 588 726 ad
604 667 827 727 celeberrimam
842 666 978 747 labulam,
1003 687 1078 746 quae
1094 677 1139 730 est
1154 669 1190 729 de
1207 669 1283 750 Sole,
1304 672 1444 731 omnium

264 768 315 844 qui
339 765 435 825 Rhodi
463 765 650 844 colebantur,
678 764 803 824 deorum
825 763 912 842 longe
936 765 1119 826 nobilissimo
1143 785 1177 826 ac
1200 769 1351 848 principe,
1383 767 1444 828 He·

263 863 407 942 liadisque
433 865 497 922 eius
521 863 588 923 filiis
613 861 879 943 transgrediamur,
903 862 1021 922 Pindari
1045 867 1185 924 carminis
1208 865 1445 943 praeclarissimi

264 961 307 1020 01.
333 961 383 1020 Vll
407 963 551 1021 rationem
575 960 736 1020 habeamus
760 968 886 1040 oportet,
909 960 960 1021 ubi
983 961 1056 1021 haec
1080 962 1197 1040 prodita
1220 965 1373 1025 inuenies:

353 1054 502 1119 ‘Nondum
526 1058 650 1118 insulam
676 1078 691 1116 e
715 1060 790 1118 mari
811 1061 978 1139 emersisse,
1002 1078 1070 1120 cum
1093 1060 1142 1120 dei
1165 1070 1314 1122 terrarum
1333 1062 1441 1122 orbern

263 1161 341 1218 inter
370 1176 402 1218 se
430 1159 621 1236 partirentur.
673 1154 764 1216 Cuius
797 1157 962 1216 sortitionis
995 1176 1063 1217 cum
1095 1171 1203 1237 expers
1237 1160 1345 1220 luisset
1380 1160 1442 1240 Sol,

262 1255 364 1315 leuem
392 1254 490 1315 denuo
519 1253 705 1314 sortiendum
738 1273 803 1314 esse
836 1261 1030 1334 statuentem,
1062 1259 1221 1334 quominus
1252 1256 1281 1316 id
1316 1259 1441 1338 laceret,

263 1353 438 1433 impeditum
461 1352 498 1412 ah
521 1353 571 1412 illo
596 1371 702 1413 notram
722 1352 838 1412 dicente
860 1360 968 1412 terram
989 1355 1081 1430 pratis
1100 1353 1301 1433 gregibusque
1321 1355 1440 1416 uberri-
1501 1335 1503 1347 ¹

264 1470 340 1512 mam
355 1459 385 1512 et
399 1452 635 1510 amoenissimam
650 1469 666 1509 e
682 1452 755 1509 mari
770 1456 970 1528 emergentem
986 1469 1051 1512 sese
1075 1450 1191 1512 uidere:
1215 1471 1273 1530 qua
1296 1452 1440 1514 lubenter·

262 1569 294 1610 se
318 1550 538 1628 acquieturum,
565 1547 724 1608 dummodo
747 1547 887 1607 Lachesis
911 1554 941 1608 et
964 1548 1097 1627 luppiter
1120 1549 1178 1608 fide
1201 1551 1380 1628 interposita
1405 1569 1439 1610 ac

261 1649 326 1708 iure
359 1645 484 1707 iurando
517 1665 582 1706 eam
615 1645 671 1706 sihi
704 1645 883 1705 addicerent.
930 1645 1032 1724 ltaque
1065 1665 1148 1706 suam
1168 1647 1280 1708 ¹Solem
1312 1649 1440 1712 Rhoden

263 1747 401 1806 sortitum
425 1751 539 1824 septem
563 1743 639 1812 filios
663 1733 896 1822 sapientissimos
920 1762 956 1803 ex
979 1743 1029 1820 illa
1051 1762 1238 1822 procreasse:
1267 1765 1303 1804 ex
1329 1747 1440 1825 quihus

261 1861 321 1904 rino
344 1845 460 1922 genitos
484 1860 550 1902 esse
573 1839 700 1921 Ialysum
723 1849 794 1902 natu
817 1843 992 1921 maximum,
1019 1841 1159 1923 Lindum,
1190 1841 1359 1925 Camirum,
1388 1846 1440 1922 qui
1516 1847 1518 1906 l

262 1948 372 2001 terram
391 1948 460 2019 post
483 1943 562 2001 inter
585 1958 617 2000 se
641 1933 834 2000 diuisissent'.

351 2037 413 2099 Hac
434 2038 531 2100 sabula
550 2057 618 2099 cum
637 2037 756 2098 Diodori
776 2040 944 2098 narratione
964 2044 1141 2118 comparata,
1159 2038 1189 2097 id
1208 2040 1338 2118 primum
1358 2043 1439 2102 inter

266 2155 315 2198 eas
333 2136 461 2197 dillerre'
473 2139 618 2218 inuenies,
642 2135 730 2216 quod,
754 2154 822 2196 cum
840 2135 986 2195 Pindarus
1004 2134 1130 2195 insulam
1150 2135 1270 2216 abipso
1290 2146 1361 2198 ortu
1381 2138 1439 2199 sibi

263 2234 462 2295 uindicauisse
492 2234 589 2294 Solem
618 2233 727 2314 tradat,
755 2233 916 2314 Diodorus,
942 2235 1115 2312 priusquam
1141 2234 1190 2293 Sol
1215 2234 1272 2296 sibi
1296 2237 1440 2316 elegisset

262 2351 327 2392 eam
350 2335 407 2392 iam
431 2333 546 2412 pridem
570 2333 662 2393 luisse
686 2335 884 2410 meritumque
909 2331 956 2390 dei
979 2331 1035 2390 boc
1060 2350 1125 2392 esse
1149 2333 1265 2414 prodit,
1289 2335 1370 2412 quod
1393 2338 1438 2395 in-

263 2430 357 2490 sulam
380 2430 573 2490 inundatione
597 2429 780 2490 deuastatam
799 2431 884 2508 aquis
908 2431 1063 2489 exsiccatis
1086 2429 1184 2490 denuo
1209 2440 1346 2510 uegetam
1371 2433 1437 2494 red·
1471 2427 1475 2436 “

263 2527 395 2588 didisset.
487 2515 491 2522 ¹

350 2624 391 2686 lle
422 2644 479 2704 qua
507 2625 679 2685 diuersitate
708 2623 778 2702 quid
812 2623 1002 2685 iudicandum
1035 2626 1086 2704 sit,
1119 2624 1241 2686 dubium
1276 2646 1342 2688 esse
1377 2647 1437 2689 non

260 2731 366 2803 potest.
413 2723 515 2802 Neque
544 2724 624 2782 enim
651 2721 874 2786 inundationem
904 2721 984 2781 illam
1011 2723 1175 2803 integrum,
1205 2732 1239 2784 ut
1266 2727 1306 2785 ita
1330 2726 1436 2806 dicam,

261 2819 425 2882 fabularum
450 2839 521 2880 uere
545 2823 733 2900 antiquarum
758 2821 850 2880 luisse
874 2819 1042 2880 membrum
1066 2823 1155 2880 etiam
1177 2821 1347 2900 posthabita
1368 2825 1435 2884 Pin-

261 2919 323 2980 dari
347 2920 463 2980 ratione
488 2937 524 2978 ex
547 2920 610 2997 ipsa
634 2920 732 2998 specie
752 2917 867 2978 fabulae
891 2918 1033 2998 efficitur3
1057 2937 1154 2996 neque
1178 2919 1298 2980 dilticilc
1322 2931 1369 2982 est
1391 2925 1434 2982 in-

263 3017 393 3097 tellectn,
417 3015 665 3094 quemadmodum
688 3017 832 3076 inuaserit
855 3015 1084 3076 narratiuncula.
1123 3015 1198 3076 Cum
1217 3020 1295 3078 enim
1315 3028 1436 3098 praeter
1517 2999 1518 3050 f

262 3133 339 3194 eam,
369 3133 444 3194 qnae
469 3113 620 3174 ferebatur
643 3114 679 3174 de
704 3113 772 3174 Sole
796 3121 826 3174 et
848 3113 978 3172 Helladis
1002 3112 1143 3194 lahnlam,
1173 3113 1246 3174 aliae
1270 3116 1307 3176 de
1331 3120 1437 3196 primis
1517 3111 1518 3126 ¹

231 3210 376 3294 -insulae
400 3211 514 3292 ineolis,
540 3212 576 3272 de
600 3212 703 3272 Rhode
728 3221 758 3271 et
781 3211 918 3290 Neptuno
944 3217 1078 3270 extarent
1102 3209 1230 3291 fabulae,
1253 3212 1307 3274 has
1331 3233 1436 3276 omnes

261 3313 301 3372 ita
333 3311 554 3388 coniungendas
588 3320 617 3370 et
650 3308 893 3388 conglutinandos
925 3307 1074 3368 duxerunt
1104 3307 1239 3369 homiues
1272 3311 1366 3392 docti,
1403 3320 1436 3373 ut

261 3416 431 3488 temporum
446 3409 543 3468 ordini
558 3409 743 3469 sufficerent:
767 3406 796 3467 id
812 3405 889 3484 quod
906 3406 1015 3465 lactum
1031 3413 1076 3466 est
1090 3407 1210 3466 inuenta
1231 3409 1434 3471 inundatione.
1517 3421 1518 3464 ῑ

332 3507 429 3572 ,Cane
454 3514 553 3566 tamen
577 3505 680 3566 credas
703 3504 738 3564 ab
762 3507 827 3583 ipso
846 3503 964 3563 Zenone
982 3504 1099 3582 mythos
1122 3503 1178 3564 hoc
1197 3505 1286 3565 modo
1305 3526 1435 3570 conexos

261 3624 327 3666 esse
356 3612 386 3664 et
414 3607 598 3665 commixtos.
641 3602 802 3662 Diodorum
826 3603 905 3662 enim
929 3619 975 3680 ea,
1003 3620 1078 3680 quae
1107 3600 1203 3661 tabula
1231 3605 1433 3680 proderentur

261 3702 297 3762 ab
321 3705 379 3782 cic,
402 3721 477 3781 quae
501 3719 572 3762 uera
597 3709 697 3760 essent
723 3699 865 3781 putanda,
893 3709 1030 3758 accurate
1058 3697 1290 3778 distinguentem
1318 3703 1434 3764 uerbis:

260 3791 342 3860 κατὰ
370 3792 432 3880 μὲν
458 3791 517 3860 τὸν
547 3795 661 3878 μῦθον
687 3830 724 3838 -
752 3787 769 3856 ὁ
800 3791 837 3856 δὲ
864 3786 995 3876 ἀληθὴς
1021 3787 1120 3874 λόγος
1149 3815 1185 3855 ne
1214 3799 1346 3875 primum
1377 3800 1433 3860 dis-

261 3899 393 3957 iunxisse
426 3897 478 3956 sed
510 3914 604 3974 paene
633 3895 668 3954 ad
702 3893 829 3955 uerbum
856 3913 872 3954 e
901 3894 1019 3954 Zenone
1051 3893 1185 3954 hausisse
1218 3895 1433 3978 existimemus

260 3997 393 4055 oratione
425 3995 584 4073 indirecta,
617 3992 718 4053 uerbis
747 3982 780 4052 ‘d
810 3981 839 4052 δ’
870 3983 1001 4073 ἀληθὴς
1019 3984 1141 4070 ιλόγος’
1169 3993 1337 4071 interrupta
1366 4004 1434 4074 post

263 4095 363 4154 statim
387 4099 507 4172 recepta
531 4091 714 4151 adducimur.

349 4189 445 4270 lpsins
474 4191 649 4250 sententiam
678 4190 704 4248 si
731 4188 880 4268 proferret
908 4183 1064 4249 Diodorus'
1082 4193 1150 4266 post
1179 4175 1310 4265 ἀληθὴς
1332 4183 1434 4269 λόγος

261 4289 394 4348 oratione
422 4287 534 4348 directa
562 4289 607 4348 uti
634 4288 828 4368 perrexisset,
861 4286 913 4347 uhi
941 4285 1068 4346 Zenonis
1098 4285 1247 4362 exciperet
1274 4284 1369 4345 uerba
1398 4288 1433 4348 ad

261 4385 436 4446 indirectam
460 4403 649 4446 reuersurus
696 4383 733 4444 Vt
755 4383 833 4446 dicat
856 4374 873 4446 ὁ
900 4374 931 4444 d’
958 4373 1087 4462 ἀληθὴς
1109 4372 1208 4460 λόγος
1230 4397 1289 4439 non
1313 4373 1374 4442 τὸν
1400 4375 1430 4444 d’
