3064 4966
612 349 827 412 ...99-

44 547 50 562 ·
129 513 301 574 Candalum.
338 513 462 573 Praeter
485 512 539 572 hos
563 510 650 570 filiam
670 510 869 590 Electryonen
892 532 928 572 ex
952 532 987 574 eo
1009 522 1120 595 natam,
1144 517 1194 574 cui
1216 516 1304 575 etiem

128 614 241 690 uirgini
264 615 324 672 uita
348 610 505 670 defunctae
529 609 658 669 honores
682 607 824 686 obtigisse
847 606 1049 673 immortales'.

220 709 279 770 Iam
308 711 470 768 narrationi
501 709 706 788 interpositam
735 716 765 766 et
794 725 861 768 cram
894 708 1023 772 Reliadis
1052 719 1133 772 arcte
1149 699 1304 772 'conexam

127 808 217 868 nidos
236 807 362 868 fabulam
381 806 470 887 illam,
490 823 564 883 quae
583 812 630 865 est
648 804 684 864 de
705 809 866 866 certamine
885 805 1007 867 Rhodiis
1026 816 1056 870 et
1073 808 1305 870 Atheniensibus

127 903 166 964 de
187 904 320 964 MInerua
343 903 525 964 concilianda
544 904 622 964 facto
639 910 720 964 certe
739 903 774 962 ad
793 902 920 966 Lindum
938 906 1138 968 referendam:
1163 901 1304 968 ‘Heliadis

127 1005 211 1062 enim
235 1003 342 1062 adultis
365 1004 496 1080 itemque
521 1001 751 1062 Atheniensibus
773 1021 789 1061 a
809 1001 877 1062 Sole
902 1021 967 1064 esse
991 1003 1117 1085 editum,
1141 1007 1192 1083 qui
1216 1007 1304 1083 primi

127 1119 217 1160 sacra
243 1101 383 1162 fecissent
411 1099 576 1180 Mineruae,
605 1099 682 1179 apud
711 1119 762 1160 eos
791 1100 874 1160 deam
905 1100 1087 1162 domicilium
1110 1119 1198 1162 suum
1222 1102 1310 1162 habi·

126 1206 238 1258 turam.
274 1199 315 1258 Ac
339 1198 470 1260 Rhodios
494 1197 614 1276 quidem
637 1201 753 1276 priores
777 1197 927 1262 Mineruae
952 1200 1134 1261 sacrificasse
1154 1201 1204 1262 sed
1226 1202 1303 1279 ignis

126 1295 252 1378 oblitos,
281 1315 349 1356 cum
372 1295 503 1382 Cecrops
526 1295 751 1358 Atheniensium
779 1315 831 1358 rex
859 1306 927 1376 post
955 1316 1038 1359 sacra
1066 1298 1222 1360 obtulisset
1245 1319 1304 1362 non

127 1396 196 1454 sine
220 1394 353 1454 flammis.
395 1393 478 1454 Unde
503 1395 627 1474 factum,
655 1403 687 1455 ut
709 1394 816 1456 Rhodii
839 1393 876 1454 ah
899 1386 963 1475 ipso
988 1397 1091 1458 cultus
1119 1399 1203 1458 initio
1232 1398 1303 1460 deae

126 1501 328 1570 operarentur
351 1495 412 1570 igni
435 1487 638 1554 abstinentes’.

221 1589 296 1650 Tum
319 1589 443 1668 Ialysius
466 1590 502 1648 de
526 1588 657 1650 Heliadis
686 1591 804 1668 mythus
828 1591 864 1651 ad
890 1592 978 1654 libem
1002 1592 1177 1671 perducitur
1200 1593 1269 1653 inde
1288 1613 1304 1654 a

125 1690 235 1766 capitis
263 1685 320 1768 57,
354 1687 373 1763 ἓ
400 1685 499 1768 1-8,
532 1690 589 1748 nisi
623 1688 718 1748 doctis
751 1689 979 1768 cogitationibus
1006 1699 1036 1752 et
1064 1691 1304 1753 conclusionibus

124 1785 145 1860 ξ
167 1781 257 1846 3-5
275 1788 421 1847 institutis
445 1804 504 1844 non
528 1787 723 1864 interruptus.
761 1786 871 1848 Fabula
890 1787 962 1848 baec
982 1797 1042 1850 est:
1068 1783 1216 1850 ‘Heliades
1236 1808 1304 1850 cum

125 1883 253 1944 aliarum
276 1885 385 1944 artium
413 1891 477 1944 tum
503 1883 678 1961 astrologiae
702 1886 899 1963 peritissimos
922 1893 952 1946 et
976 1886 1012 1946 de
1036 1905 1069 1946 re
1093 1885 1190 1947 nauali
1214 1887 1304 1948 etde

79 2003 87 2012 ’
124 1980 211 2041 horis
239 1981 456 2042 constituendis
484 1983 595 2060 optime
623 1984 746 2042 meritos
771 2001 850 2064 esse;
878 1985 956 2044 inter
980 1977 1055 2063 quos
1080 2003 1147 2046 cum
1171 1985 1305 2064 Tenages

125 2065 396 2140 excellentIssimus
424 2081 584 2158 extitisset,
608 2082 751 2140 aceteris
775 2099 843 2142 eum
868 2100 934 2142 esse
962 2083 1103 2142 occisum.
1150 2083 1231 2154 Quae
1255 2101 1304 2143 res

125 2195 198 2236 curn
221 2179 413 2256 innotuisset,
441 2176 506 2237 illos
530 2176 629 2255 fugam
655 2181 770 2257 cepisse
794 2187 824 2238 et
847 2179 993 2240 Macarem
1023 2180 1141 2258 quidem
1165 2179 1304 2261 Lesbum,

126 2273 289 2336 Candalum
318 2275 412 2336 Coum
441 2276 561 2353 fugisse.
607 2277 743 2336 Actinem
772 2295 845 2337 uero
874 2280 904 2336 in
928 2278 1092 2357 Aegyptum
1121 2280 1304 2358 peruenisse,

125 2371 295 2453 Heliopolin
309 2373 416 2434 urbem
431 2371 598 2434 condidisse
614 2392 630 2432 a
645 2373 713 2434 Sole
728 2381 812 2452 patre
827 2377 1022 2436 nominatam:
1041 2394 1057 2435 a
1072 2394 1130 2454 quo
1146 2376 1304 2455 Aegyptios

126 2469 287 2549 astrologia
306 2474 470 2532 instructos
485 2489 560 2552 esse,
579 2481 613 2532 ut
632 2489 700 2532 cum
719 2474 749 2531 in
765 2471 886 2532 Graecia
906 2491 1010 2552 magna
1029 2473 1168 2535 eluuione
1187 2473 1303 2534 litterae

126 2571 311 2650 interissent,
335 2569 377 2630 illi
400 2569 575 2648 astrologiae
599 2571 803 2630 incentionem
827 2571 884 2630 sibi
907 2571 1096 2632 uindicarent
1116 2581 1146 2632 et
1160 2571 1304 2636 ,Graecia

126 2666 238 2726 Cadmo
261 2667 380 2728 demum
397 2668 553 2728 ‘Phoenice
577 2667 684 2728 litteris
708 2667 815 2728 imbuti
839 2668 1020 2730 dicerentur.

217 2767 241 2824 A
269 2765 377 2844 Triopa
410 2765 511 2826 Cariae
549 2767 785 2845 promontorium
823 2785 889 2826 esse
927 2776 1104 2846 occupatum
1138 2787 1173 2828 ex
1208 2787 1303 2847 eoque

127 2861 284 2942 Triopium
307 2863 493 2942 appellatum.

217 2961 360 3039 Reliquos
389 2971 487 3028 autem
516 2961 674 3023 Ochimum
704 2971 733 3022 et
757 2962 940 3042 Cercaphum
970 2967 1103 3025 insontes
1127 2967 1158 3024 in
1181 2967 1303 3044 regione

127 3057 233 3137 Ialysia
260 3062 453 3140 remansisse,
488 3059 624 3119 Achaiam
654 3059 759 3119 urbem
788 3060 958 3122 aedificasse
987 3060 1203 3140 Ochimumque
1232 3071 1303 3123 natu

126 3159 271 3217 maiorem
300 3175 400 3236 regem
430 3159 521 3218 fuisse
550 3156 709 3234 Hegetoria
742 3157 869 3236 nympha
898 3161 928 3218 in
959 3160 1178 3220 matrimonium
1202 3161 1303 3240 ducta,
1387 3207 1391 3212 .

127 3272 164 3313 ex
193 3273 250 3332 qua
279 3254 431 3334 Cydippen
460 3263 557 3316 natam
586 3274 652 3316 esse
680 3265 748 3334 post
775 3265 888 3316 mutato
916 3258 1035 3316 nomine
1065 3255 1201 3335 Cyrbiam
1229 3276 1302 3318 nun·

127 3359 278 3433 cupatam3
311 3353 387 3414 hano
419 3353 570 3432 Cercapho
599 3355 751 3432 nupsisse,
784 3371 873 3432 quem
897 3354 988 3414 fratre
1013 3353 1153 3414 defuncto
1177 3373 1303 3434 regnum

127 3468 298 3528 occupasse.
345 3450 437 3510 Cuius
465 3451 542 3512 filios
572 3450 713 3530 Lindum,
742 3451 882 3532 Ialysum,
911 3451 1059 3512 Camirum
1083 3455 1161 3530 patri
1185 3465 1303 3514 mortuo

127 3549 158 3606 in
183 3566 276 3625 regno
305 3551 486 3609 successisse
511 3546 666 3627 Cyrbeque
700 3548 809 3626 oppido
837 3549 1029 3610 inundatione
1058 3550 1211 3611 deuastato
1244 3549 1301 3611 sihi

128 3644 277 3724 quemque
302 3646 408 3708 urbem
432 3646 599 3707 condidisse
624 3665 659 3704 ex
682 3647 755 3724 ipsis
779 3665 828 3706 eas
853 3641 1060 3706 nominantes’.

218 3741 318 3822 Capite
347 3746 484 3822 sequenti
510 3739 566 3823 58,
590 3742 610 3819 ξ
634 3743 649 3802 1
676 3742 711 3802 de
736 3743 833 3804 Danao
867 3743 1037 3822 adiungitur
1066 3744 1162 3804 fabula
1185 3744 1303 3806 Lindia:

129 3829 279 3901 ‘Danaum'
302 3843 380 3902 enim
405 3861 473 3902 carm
497 3840 612 3900 filiabus
636 3832 763 3901 Lindum
787 3843 907 3902 uenisse
933 3851 963 3901 et
986 3841 1021 3901 ah
1046 3841 1150 3901 incolis
1175 3841 1303 3920 hospitio

128 3947 283 4017 receptum
320 3939 471 3998 Mineruae
509 3936 652 4016 templum
686 3941 890 4019 constituisse;
927 3939 1023 4000 tribus
1056 3947 1154 4000 autem
1187 3937 1303 4000 filiabus

129 4035 226 4095 Rhodi
249 4039 375 4100 mortuis
398 4039 496 4114 ipsum
520 4053 589 4094 cum
612 4038 720 4094 ceteris
745 4036 838 4115 Argos
861 4033 1058 4114 migrauisse'.

217 4132 293 4194 Huic
322 4134 465 4214 applicata
493 4141 539 4192 est
558 4132 577 4208 ξ
597 4130 618 4193 2
637 4137 766 4194 narratio
796 4134 832 4195 de
861 4133 970 4194 Cadmo
998 4133 1113 4212 Ialysia:
1147 4129 1302 4196 ‘Cadmum

129 4229 280 4310 Europam
298 4234 526 4309 inuestigantem
551 4238 786 4311 tempestateque
810 4232 866 4292 late
889 4233 1143 4292 circnnriactatum
1163 4232 1302 4310 Neptuno

130 4345 247 4389 sacrum
275 4331 447 4407 promisisse
478 4335 641 4406 notumque
666 4329 762 4390 Rhodi
790 4329 923 4391 soluisse.
969 4327 1028 4388 Eos
1052 4347 1139 4409 uero,
1168 4349 1242 4408 quos
1266 4331 1302 4390 ad
1384 4359 1388 4364 ·

129 4428 316 4504 procuranda
342 4445 425 4488 sacra
448 4425 544 4486 Rhodi
572 4427 743 4506 reliqulsset
766 4429 906 4509 CadmuS,
934 4427 1020 4488 breui
1043 4445 1111 4488 cum
1135 4426 1246 4506 Ialysiis
1270 4447 1302 4488 se

1054 4527 1089 4581 I*
1230 4577 1232 4588 ,
