3064 4966
559 305 798 370 -121-

173 469 246 540 Quo
270 477 404 548 tempore
428 469 542 530 scilicet
565 471 733 530 exoriretur
757 468 829 529 haec
849 468 885 528 de
903 467 1045 546 Periergo
1065 466 1263 528 Phorbantem

81 575 265 627 exsecrante
289 567 400 648 fabula,
428 568 508 628 hunc
537 567 656 647 quidem
681 569 769 628 etiam
794 565 956 646 Apollinem
985 565 1079 650 luisse
1103 567 1262 645 cogitatum

81 682 116 724 ex
141 665 372 726 narratiuncula
396 668 458 744 ipsa
482 659 636 747 cogiturl)

174 762 267 834 Quod
295 763 372 843 apud
395 761 562 842 Polyzelum
588 762 719 824 Phorbas
743 763 870 844 Triopas
898 761 975 823 filius
1003 763 1095 822 luisse
1126 761 1263 844 traditur,

84 863 257 922 recentiori
280 859 407 921 debetur
429 855 634 946 inuentioni²>

663 1073 700 1138 G.

451 1203 501 1263 De
529 1203 763 1264 Althaemene
786 1203 905 1263 heroe.

178 1345 224 1406 De
241 1345 431 1407 Althaemene
451 1345 521 1426 quid
541 1345 722 1405 censendum
742 1347 780 1405 sit
794 1345 1003 1424 disceptaturis
1018 1352 1136 1423 praeter
1151 1354 1267 1404 ceteros

84 1443 298 1521 inspiciendus
317 1453 347 1504 et
365 1443 577 1504 examinandus
597 1442 682 1503 nobis
702 1445 759 1502 erit
779 1441 894 1522 Strabo,
914 1444 1023 1520 quippe
1043 1443 1094 1520 qui
1113 1441 1148 1501 ad
1168 1440 1266 1520 Epho-

85 1559 154 1600 rum
180 1550 338 1603 auctorem
362 1545 433 1605 s'atis
457 1545 612 1621 antiquum
637 1549 667 1600 et
690 1539 866 1620 locupletem
891 1543 954 1618 ipse
978 1539 1088 1599 diserte
1112 1549 1265 1618 prouocet.

23 1645 27 1652 '
83 1639 172 1718 Apud
200 1657 292 1719 quem
311 1660 378 1700 eum
398 1641 470 1700 haec
489 1641 625 1719 legantur
644 1635 762 1699 x479:
777 1629 926 1719 Ἔφορος
949 1630 1010 1718 μὲν
1033 1627 1176 1716 ὕστερον
1201 1633 1266 1698 έπι-

6 1755 8 1762 *
84 1733 272 1817 κτισθῆναι
294 1729 354 1810 τόις
377 1732 456 1797 δέκα
480 1731 536 1820 (sc.
555 1730 668 1808 πόλεις
688 1730 835 1818 Κρήτης)
860 1729 942 1816 φησὶ
966 1726 1046 1816 μετὰ
1069 1727 1109 1795 τὰ
1138 1725 1268 1815 Τρωικὰ

84 1823 152 1894 ὑπὸ
173 1831 247 1897 τῶν
265 1824 472 1914 Ἀλθαιμένει
492 1831 537 1920 τῷ
558 1824 693 1919 Ἀργείῳ
713 1827 1086 1915 συνακολουθησάντων
1105 1828 1268 1913 Δωριέων

87 1951 121 1992 ac
151 1921 225 2012 post
253 1933 287 1993 ad
316 1932 443 1993 crtndem
472 1933 627 1992 reserenda
655 1933 767 1994 iontem
795 1930 924 1994 x481:
952 1929 1019 1992 τῶν
1048 1927 1269 2008 Σπαρτιατῶν

86 2023 149 2090 τὸν
165 2025 361 2111 νομοθέτην
377 2027 575 2110 Λυκοῦργον
593 2026 690 2092 πέντε
709 2038 838 2110 γενεαῖς
852 2022 1016 2110 νεώτερον
1030 2019 1269 2108 Ἀλθαιμένους

89 2117 178 2188 εἶναι
203 2125 274 2189 τοῦ
293 2127 523 2200 στείλαντος
545 2119 615 2206 τὴν
639 2127 695 2201 είς
714 2123 873 2210 Κρήτην
898 2119 1096 2189 ἀποικίαν.
1128 2119 1188 2188 τὸν
1208 2120 1269 2207 μὲν

88 2217 155 2305 γὰρ
186 2224 395 2306 ίστορεῐσθαι
425 2225 556 2287 Κίσσον
583 2225 685 2289 παῖδα
712 2225 772 2289 τοῦ
801 2220 839 2290 τὸ
854 2219 976 2308 ’Ἁργος
998 2218 1269 2304 κτίσαντος-περὶ

90 2315 152 2384 τὸν
177 2315 283 2385 αὐτὸν
306 2319 432 2406 χρόνον
460 2315 559 2404 ἡνίκα
583 2323 739 2405 Προκλῆς
763 2317 823 2406 τὴν
846 2318 1007 2405 Σπάρτην
1032 2317 1205 2407 σννςόκιζει
1234 2339 1270 2381 ex

91 2419 138 2480 his
163 2422 267 2482 uerbis
292 2442 384 2483 unmn
407 2423 479 2482 illud
503 2431 603 2502 aperte
624 2426 825 2503 consequitur,
850 2423 885 2483 ab
905 2421 1024 2503 Ephoro
1049 2421 1282 2481 Althaemenemt

6 2559 14 2584 t
91 2519 238 2598 Argiuum
264 2520 339 2581 Cissi
369 2520 460 2580 tilium
484 2519 657 2599 Proclisque
681 2521 833 2600 aequalem
858 2521 1002 2582 coloniam
1026 2522 1056 2578 in
1081 2518 1198 2579 Cretam
1222 2517 1270 2577 de·

92 2617 217 2679 duruisse
240 2619 340 2698 ibique
365 2619 469 2678 decom
492 2619 598 2697 oppida
623 2622 813 2680 constituisse
837 2621 922 2680 tradi.
961 2617 1022 2678 Iam
1046 2635 1119 2676 uero
1144 2618 1168 2676 si
1192 2633 1270 2676 com·

92 2719 249 2792 paraueris
282 2735 357 2796 quiae
393 2716 533 2778 dicuntur
561 2715 625 2776 XIV
648 2737 675 2796 p.
701 2715 765 2778 653
794 2737 829 2778 ex
858 2717 962 2777 eodem
990 2713 1111 2794 Ephoro
1146 2715 1271 2773 forsitan

75 2818 237 2893 repetita:
285 2812 329 2874 Ol
354 2806 417 2894 γὰρ
447 2815 591 2894 Δωριεῖς
620 2813 655 2876 ol
679 2809 718 2876 τὰ
743 2811 885 2896 Μέγαρα
913 2813 1084 2886 κτίσαντες
1108 2805 1188 2894 μετὰ
1211 2804 1272 2892 την

95 2909 238 2995 Κόδρου
260 2903 415 2992 τελευτὴν
440 2909 479 2973 ol
500 2905 570 2992 plu
594 2911 729 2993 ἔμειναν
752 2905 891 2992 αὐτόθι,
921 2909 961 2973 ol
986 2905 1027 2972 dt
1057 2903 1122 2972 σὺν
1143 2901 1273 2971 Ἀλθαι-

95 3004 190 3088 μένει
213 3008 258 3096 cpi
280 3001 412 3094 Ἀρνείςο
432 3007 489 3090 τῆς
513 3009 560 3082 είς
580 3006 722 3092 Κρήτην
741 3003 894 3084 ολποικίας
918 3005 1157 3089 ἐκοινώνησαν,
1182 3007 1222 3070 οί
1238 3000 1269 3070 d'

31 3167 32 3170 ,
98 3105 144 3179 είς
167 3100 231 3188 τὴν
248 3099 368 3169 Ῥόδον
387 3101 442 3168 καὶ
465 3099 524 3180 τὰς
543 3108 716 3186 λεχθείσας
734 3105 845 3182 πόλεις
869 3105 1109 3189 ἐμερίσθησανι
1134 3125 1199 3170 eam
1222 3125 1269 3166 co-

97 3203 222 3287 loniam,
251 3225 324 3286 quae
349 3205 540 3266 Althaemene
565 3206 675 3284 Argiuo
699 3207 774 3267 dirce
798 3203 1004 3286 Peloponneso
1027 3208 1058 3266 in
1083 3205 1201 3265 Cretam
1224 3203 1272 3264 de·

98 3307 256 3384 migrasset
287 3324 303 3364 a
335 3303 448 3364 colonia
482 3303 618 3365 Rhodum
649 3307 782 3383 prolecta
814 3323 939 3384 prorsus
973 3306 1088 3383 seiungi
1124 3301 1273 3363 concedes

100 3505 255 3582 ὃλόχοιλκον
276 3509 350 3566 εἶναι
369 3507 400 3564 τὸ
419 3508 544 3580 ῥόπαλον
559 3507 735 3578 Ἡρακλέους.
769 3511 808 3566 cf.
829 3509 915 3565 etiam
934 3513 1025 3566 Strab.
1046 3511 1097 3564 XX
1115 3529 1142 3579 p.
1162 3514 1227 3574 688ς
1247 3511 1275 3562 et

100 3589 217 3654 Quintil.
236 3591 300 3646 inst.
317 3609 355 3647 or.
370 3591 396 3644 X
411 3599 438 3645 1:
463 3592 554 3657 Quint
578 3591 706 3646 Herculis
730 3595 794 3646 acta
814 3609 868 3645 non
895 3593 965 3645 bene
981 3591 1132 3646 Pisander?
1148 3621 1180 3628 —
1196 3588 1275 3643 Oete-

99 3689 161 3726 rurn
186 3689 253 3726 num
271 3672 425 3740 Περίερηος
447 3688 543 3726 uerum
564 3671 601 3724 sit
618 3688 721 3725 nomen
743 3669 825 3724 ualde
849 3669 960 3737 dubito,
985 3668 1110 3736 eoquod
1130 3668 1276 3736 περίεργος

101 3767 211 3822 semper
230 3751 289 3806 uim
307 3751 419 3805 uidetur
437 3751 540 3805 habere
559 3749 657 3804 anxiae
681 3749 854 3819 diligentiae.
892 3746 1052 3816 Speciosam
1071 3763 1181 3802 meeum
1200 3762 1275 3800 com-

102 3831 258 3886 municauit
281 3831 469 3886 coniecturam
487 3829 576 3886 Maur.
596 3829 735 3896 Schmidt,
759 3827 802 3882 uir
820 3827 1036 3896 illustrissimus,
1060 3827 1108 3896 qui
1132 3825 1275 3881 emendat:

103 3905 283 3981 ‘’Epiappoe'.

175 3993 200 4062 1)
220 3993 303 4046 Vnde
318 3987 392 4060 Ἀραλ
410 3991 518 4046 insulae
536 3989 698 4044 nominatae
718 3987 787 4056 sint,
810 3987 932 4056 explicat
951 3985 1046 4055 Steph.
1067 3986 1097 4040 B.
1117 4003 1137 4038 a.
1157 4005 1182 4040 v.
1204 3981 1277 4054 Ἀραὶ

103 4071 155 4127 sie:
177 4068 284 4134 Ἰωνίας
307 4073 388 4140 νῆσοι
407 4077 481 4139 τρεῖς
501 4065 574 4125 οότω
594 4067 743 4140 λεγόμεναι
762 4063 810 4122 διὰ
830 4064 880 4130 τὰς
899 4061 971 4137 οίρόις
989 4060 1024 4128 ἃς
1044 4070 1162 4134 Δωριεῖς
1182 4059 1276 4132 ἐποιή-

105 4170 191 4208 σαντο
211 4149 282 4220 πρὸς
300 4149 367 4214 τοὺς
385 4154 597 4213 Πενταπολίτας
616 4146 653 4212 ὦς
669 4145 840 4219 Ἀριστείδης.

176 4237 203 4302 2)
224 4233 247 4286 Α
265 4233 388 4286 Diodoro
403 4231 442 4284 IV
456 4237 491 4285 48
505 4231 630 4286 Phorbas
645 4229 777 4298 Triopam
791 4227 919 4297 genuisse
935 4225 1049 4280 dicitur:
1069 4221 1120 4292 τὴν
1139 4221 1171 4277 δὲ
1191 4223 1277 4292 ν’ᾗσον

104 4311 209 4382 ταύτην
232 4308 294 4367 τότε
319 4307 465 4385 κατῴκουν
482 4305 613 4378 Ἕλληνες
637 4306 666 4364 οἰ
687 4303 743 4362 ὑπὸ
771 4308 881 4377 Τρίοπα
900 4306 949 4360 τοῦ
971 4301 1134 4378 Φόρβαντος
1152 4323 1277 4358 κατοικι-

105 4392 230 4456 σθέντες.
263 4393 422 4448 Rescribas:
443 4386 545 4446 oldad
566 4385 727 4462 Φόρβαντος
745 4387 795 4442 τοῦ
817 4382 927 4457 Τριόπα
945 4381 1183 4446 κατοικισθέντες.
