3064 4966
712 298 928 361 -96-

238 455 393 531 scripsisse
423 456 512 516 tradit
539 457 633 518 Athen
653 459 694 518 lll
712 479 740 538 p.
761 457 803 519 74
821 459 858 520 F:
892 455 1122 542 Φιλόμνηστος
1145 456 1177 525 d’
1202 462 1240 526 ἐν
1262 463 1306 549 τῷ
1334 460 1412 545 περὶ

234 546 302 610 τῶν
321 547 358 611 έν
372 542 476 638 Ῥόδῳ
496 555 677 634 Σμινθίων
697 556 811 636 φησίν.
840 557 931 618 Cuius
949 560 1014 619 loco
1033 561 1111 620 idem
1131 563 1196 622 Ath.
1216 562 1241 620 Χ
1260 583 1286 641 p.
1302 561 1370 623 445
1389 565 1412 621 A

237 641 431 729 Φιλόδημον
452 653 535 732 citat;
559 653 610 712 sed
631 652 865 715 Philomnestum
891 661 992 718 uerius
1018 678 1084 718 esse
1108 679 1214 720 nomeu
1240 663 1412 740 suspicatur

234 747 321 806 etiam
345 747 506 810 Muellerus
525 750 542 810 l.
563 770 588 810 e.
606 751 644 810 lV
663 772 690 831 p.
710 750 784 814 478.

322 843 424 923 Neque
458 845 590 907 lstrum
622 851 652 908 in
684 849 759 909 libro
792 870 860 932 suo,
892 855 944 932 qui
977 866 1040 915 erat
1070 854 1105 914 de
1138 856 1351 915 certaminibus
1379 859 1412 914 in

234 940 310 1000 Solis
331 942 473 1004 bonorem
490 935 634 1006 institnhs
648 946 744 1006 Rhodi
759 952 902 1009 rationem
918 951 1124 1028 posthabuisse
1139 963 1227 1031 patet.
1252 953 1293 1013 ct.
1310 953 1411 1014 Schol.

232 1037 314 1098 Pind.
337 1038 385 1098 Vll
410 1039 485 1104 146:
517 1033 641 1104 Ῥόδιοι
673 1042 804 1106 τιθέασι
831 1036 933 1130 Ἡλίῳ
966 1050 1167 1128 στεφανίτην
1199 1043 1330 1128 ἀγῶνα,
1363 1043 1412 1124 ὡς
1522 1113 1523 1116 ,

224 1127 353 1217 Ἴστρος
372 1133 476 1217 φησὶν
492 1134 529 1199 έν
544 1136 583 1220 τῇ
597 1135 673 1222 περὶ
687 1139 754 1202 τῶν
773 1134 891 1204 Ἡλίου
904 1137 1056 1224 ἀγώνων.
1064 1142 1088 1225 1)
1121 1147 1254 1226 Itemque
1269 1149 1411 1208 Rhodum

232 1235 364 1311 attigisse
390 1235 509 1297 uidetur
533 1236 749 1320 Aristocles,
773 1244 824 1319 qui
847 1244 971 1302 allertur
999 1242 1411 1306 Schol.Piud.0l.Vlli361

227 1321 439 1412 Ἀριστοκλῆς
471 1327 508 1394 δέ
539 1325 717 1414 ὑφίσταται
750 1331 813 1418 τὴν
840 1334 1000 1418 γέννησιν
1034 1332 1180 1420 Ἀθηνᾶς
1212 1338 1249 1402 ἐν
1280 1335 1411 1424 Κρήτῃ.
1474 1358 1478 1364 ·

230 1424 354 1510 νεφέλῃ
372 1423 436 1509 γάρ
456 1445 538 1511 φησι
556 1426 746 1513 κεκρύφθαι
764 1428 828 1514 τὴν
846 1430 942 1516 θεόν,
960 1431 1019 1500 τὸν
1039 1431 1076 1500 δέ
1096 1439 1164 1499 Δία
1182 1432 1350 1520 πλήξαντα
1369 1431 1411 1501 τὸ

229 1521 332 1605 νέφος
354 1526 526 1608 προφῆναι
551 1521 666 1611 αὐτήν.
704 1532 758 1592 Hic
783 1551 854 1592 num
878 1534 955 1594 idem
975 1539 1015 1596 sit
1040 1546 1128 1614 atque
1153 1536 1294 1616 Rhodius,
1318 1557 1413 1616 quem
1522 1595 1523 1598 ,

214 1636 374 1686 memorat
394 1625 499 1687 Strabo
520 1627 584 1687 lllV
599 1651 625 1708 p.
642 1627 720 1690 655:
742 1621 952 1712 Ἀριστοκλῆς
971 1624 990 1693 ὁ
1008 1625 1083 1694 καθ’
1105 1625 1201 1714 ἡμᾶς,
1220 1635 1305 1694 ualde
1322 1633 1411 1694 dubi-

231 1722 361 1782 tandum.

319 1819 397 1880 llaec
418 1825 526 1901 scripta
547 1827 619 1885 satis
639 1824 729 1884 multa
749 1843 816 1884 cum
836 1827 933 1885 omnia
954 1827 1015 1886 lere
1035 1830 1213 1906 intericrInt,
1236 1827 1290 1887 tibi
1308 1829 1411 1889 Rhodi

230 1934 329 1976 rerum
349 1921 511 1996 primordia
532 1925 688 2000 cognitum
708 1923 939 2000 confugiendum
959 1927 1015 1984 erit
1033 1927 1064 1984 in
1082 1927 1187 2004 primis
1206 1925 1241 1984 ad
1261 1944 1304 2005 ca,
1329 1945 1409 2004 quae

230 2007 389 2075 eZenone¹
408 2016 506 2078 hausit
528 2019 675 2080 Diodorus
695 2018 718 2076 V
738 2015 883 2100 55—595
912 2030 974 2081 tum
998 2041 1071 2081 uero
1095 2023 1131 2082 ad
1154 2022 1329 2102 Pindarum,
1354 2027 1410 2101 qui

230 2114 359 2172 carmine
380 2112 424 2174 Ol.
444 2115 494 2176 Vll
509 2117 663 2196 Diagoram
682 2117 831 2176 Rhodium
851 2116 1005 2177 celebrans
1025 2119 1179 2179 adumbrat
1198 2118 1310 2178 iabulas
1330 2124 1410 2181 anti·
1522 2131 1523 2134 ’

229 2213 385 2288 quissimas
401 2218 660 2296 grauissimasque,
675 2224 708 2275 ut
723 2217 786 2293 ipse
802 2222 927 2274 testatur
946 2234 972 2274 u.
984 2211 1040 2276 54:
1055 2205 1194 2294 pcvcld'
1211 2207 1409 2296 ἀνθρώπων

228 2305 364 2371 παλαιαὶ
388 2305 513 2394 ρήσιες;
542 2315 577 2374 ad
602 2314 658 2374 hoc
682 2332 715 2372 ea
740 2330 815 2390 quae
839 2313 1057 2372 adnotauerunt
1080 2313 1261 2372 scholiastae.
1308 2313 1408 2393 inspi-

230 2408 353 2468 ciendus
377 2418 422 2470 est
445 2413 533 2471 etiam
563 2411 669 2471 Strabo
694 2408 758 2468 xlv
777 2429 804 2488 p.
824 2405 1014 2490 con-655,
1040 2413 1094 2488 'qui
1119 2418 1237 2488 praeter
1260 2429 1309 2470 res
1333 2431 1407 2488 geo-

227 2505 382 2584 graphicas
405 2507 482 2568 haud
502 2527 594 2588 pauca
614 2506 741 2586 exhibet,
765 2524 840 2584 quae
860 2507 1070 2565 historicorum
1090 2505 1195 2566 studiis
1215 2517 1407 2569 succurrant.

228 2601 338 2666 Deinde
367 2604 506 2666 adhibeas
528 2605 657 2666 Cononis
686 2606 871 2664 narrationes
899 2621 967 2662 cuni
996 2603 1066 2662 alias
1093 2611 1157 2662 tum
1186 2620 1263 2661 narr.
1287 2600 1330 2663 47
1357 2614 1406 2685 ap.

226 2698 309 2760 Phot.
334 2720 361 2780 p.
388 2698 457 2762 141.
505 2703 566 2763 Nec
590 2701 758 2783 spernenda
781 2699 959 2760 Dieuchidae
985 2699 1080 2760 sabula
1105 2698 1141 2758 ab
1165 2699 1314 2760 Athenaeo
1340 2721 1405 2763 me·

227 2797 336 2856 moriae
359 2798 475 2876 prodita
503 2799 540 2860 Vl
559 2820 586 2880 p.
607 2797 672 2860 262
692 2798 724 2858 E.
1249 2824 1253 2830 ’

314 2894 488 2956 Grauissimi
516 2897 644 2976 denique
673 2899 814 2956 momenti
843 2895 940 2956 labula
969 2890 1014 2953 est
1039 2893 1074 2952 ab
1098 2892 1185 2970 Ergia
1209 2901 1239 2952 et
1261 2892 1421 2973 Polyzelo,

225 2992 338 3071 prolata
368 3013 412 3072 ap.
441 2994 507 3054 Ath.
531 2993 596 3054 Vlll
619 3015 647 3073 p.
671 2991 737 3054 360
756 2993 788 3052 tt.
835 2991 910 3072 Alia,
938 3008 1012 3068 quae
1041 2992 1165 3068 sparsim
1193 2991 1405 3076 inueniuntur,

226 3097 362 3150 ueterum
382 3094 562 3171 scriptorum
582 3093 750 3152 testimonia
770 3088 878 3168 quibus
897 3095 1016 3148 tutamur
1035 3086 1130 3166 digna,
1154 3085 1202 3144 hie
1221 3103 1403 3180 enumerare

222 3186 344 3266 longum
372 3197 460 3268 atque
489 3189 673 3269 superilnum
698 3197 751 3248 est.
796 3187 920 3264 Collegit
944 3203 977 3243 ea
1001 3183 1224 3260 diligentissime
1248 3181 1402 3249 Meursius
1438 3192 1439 3196 ’

223 3286 253 3342 in
277 3283 363 3366 libro,
387 3291 439 3364 qui
462 3286 635 3347 inscribitur
660 3282 767 3364 ‘Creta
790 3283 921 3363 Rhodus,
948 3274 1082 3359 Cyprus'.

311 3383 413 3444 Aetate
446 3387 612 3444 recentiore
645 3403 694 3443 res
727 3382 891 3442 Rhodiacas
924 3389 1090 3457 temporum
1123 3377 1318 3436 remotiorum
1348 3382 1400 3441 ad-

223 3478 373 3541 umhrauit

314 3588 340 3648 1.
364 3587 518 3668 Hellter,
544 3587 764 3648 Gotterdienste
789 3585 841 3644 aul
861 3583 992 3662 Rhodus,
1015 3579 1120 3640 Zerbst
1146 3575 1239 3640 1827.

311 3684 593 3746 commemorandus
618 3694 663 3745 est
686 3687 773 3744 etiam

311 3781 340 3844 2.
363 3783 580 3864 Mouersius,
608 3782 655 3843 die
680 3771 859 3842 ‘Phdnizier'
883 3771 963 3854 112,
992 3772 1043 3840 ubi
1068 3775 1128 3852 egit
1150 3773 1186 3833 dc
1209 3773 1399 3841 Phoenicum

363 3881 496 3960 coloniis,

309 3978 455 4040 Nonnulla
479 3981 589 4057 optime
614 3981 806 4036 monuerunt:

309 4075 337 4138 3.
363 4077 396 4138 0.
419 4074 583 4155 lllueller,
606 4073 659 4133 Die
682 4072 785 4150 Dorer,
808 4067 900 4127 Bresl.
924 4062 976 4126 44.

166 4332 169 4337 -
294 4301 321 4366 1)
342 4295 384 4351 Ι)ο
403 4291 508 4365 operis,
533 4289 607 4361 quod
627 4289 792 4358 inscriptum
812 4284 879 4339 ereb
891 4275 1030 4352 ‚,’Amnci“
1050 4277 1204 4345 ceterisque
1222 4277 1394 4348 fragmentis

219 4376 283 4431 Ietri
302 4375 358 4432 uid.
378 4373 504 4428 Mueller.
532 4372 550 4425 l.
566 4387 589 4424 c.
604 4369 617 4424 I
630 4387 656 4438 p.
672 4372 821 4424 419-427.
