3064 4966
1 1381 2 1394 ,
28 1365 30 1374 ν
135 1333 249 1392 iuncta.

609 283 847 346 -117-

140 457 241 510 terrae
266 455 370 509 natura
394 448 491 510 ductis
514 450 644 508 inuenta.
691 446 776 516 Quod
805 465 873 507 eum
901 445 1046 520 Danaides
1071 466 1107 508 ne
1132 448 1314 511 llhodlorum

139 547 262 627 quidem
286 546 401 608 lahulae
421 547 527 628 desint,
550 546 709 606 Dorienses
728 545 854 624 Argiuos
878 547 1077 606 narrationem
1102 547 1138 606 de
1163 547 1260 608 Danao
1284 551 1314 608 in

137 645 237 706 insula
260 652 411 724 repertam
429 653 639 724 receptamque
659 660 729 705 suae
749 643 863 704 iahulae
883 644 1120 705 accommodasse
1139 647 1170 704 in
1190 663 1314 724 eamque

138 763 199 822 qua
223 751 303 804 extat
326 744 451 803 iormam
474 743 624 822 redegisse
649 760 767 802 srrmere
791 741 923 803 debebis.

230 840 367 901 Attamen
386 860 441 920 ego
460 841 581 920 quidem
605 840 689 900 aliam
709 841 909 900 coniecturam
934 859 1100 920 proponere
1125 842 1234 922 audeo,
1259 846 1315 904 etsi

136 957 230 1018 quam
257 938 405 1000 lubricum
434 941 485 1020 sit,
512 941 544 999 in
572 937 619 998 his
647 937 750 1016 rebus,
778 939 808 996 in
837 937 945 1016 quihus
974 939 1021 999 uel
1050 941 1231 1018 argutissimi
1254 943 1313 1000 uiri

135 1039 252 1098 uersati
280 1039 339 1097 sint
368 1037 520 1116 multaque
552 1037 748 1114 coniecerint,
779 1038 900 1095 omnino
928 1036 1038 1115 aliquid
1068 1039 1142 1097 certi
1169 1038 1313 1116 proferre.

135 1135 276 1196 Forsitan
305 1137 384 1195 enim
408 1143 469 1196 tota
498 1136 535 1195 de
559 1135 657 1194 Danao
681 1132 777 1194 iahula
801 1133 914 1194 Rhodia
937 1153 951 1193 a
976 1134 1169 1195 Doriensihus
1193 1135 1312 1196 demum

135 1234 258 1312 Argiuis
284 1235 315 1293 in
343 1233 468 1294 insulam
502 1236 541 1294 sit
568 1233 646 1293 illata
669 1240 700 1292 et
723 1250 791 1292 cum
814 1231 965 1293 Mineruae
989 1231 1110 1293 Lindiae
1135 1253 1219 1294 sacro
1244 1253 1313 1295 con·

228 1411 308 1503 illud
330 1430 450 1508 quidem
480 1438 560 1490 certe
589 1431 655 1489 lieri
686 1429 795 1509 potuit,
830 1437 861 1488 ut
889 1428 991 1507 Argiui
1019 1427 1156 1490 Rhodum
1187 1431 1312 1510 proiecti

133 1527 291 1587 Mineruae
316 1528 387 1588 deae
412 1527 534 1609 cultum,
557 1547 644 1606 quem
665 1529 695 1586 in
714 1545 792 1586 nouo
817 1526 965 1586 domicilio
985 1529 1180 1608 inuenissent,
1203 1529 1238 1588 ad
1258 1529 1311 1588 Da·
1396 1532 1400 1538 '
1512 1520 1515 1523 ’

134 1643 230 1684 naum
249 1627 403 1704 antiquum
427 1643 514 1686 suum
537 1645 648 1706 regem,
671 1633 741 1685 natu
761 1625 935 1704 Aegyptium
955 1625 1111 1686 referrent.
1149 1625 1214 1686 Noli
1234 1629 1312 1686 enim

133 1725 263 1782 remita
287 1742 302 1782 a
327 1741 374 1782 mc
397 1723 529 1804 intellegi
551 1733 666 1804 putare,
690 1731 723 1783 ut
741 1741 808 1783 eum
829 1723 942 1782 cultum
962 1741 977 1782 a
997 1723 1189 1783 hortensibus
1214 1725 1244 1784 in
1268 1727 1312 1784 in-

133 1819 232 1880 sulam
256 1820 412 1882 inductum
436 1840 501 1882 esse
526 1821 667 1882 arbitrer:
691 1824 742 1901 sic,
767 1839 824 1900 qua
848 1820 883 1880 de
904 1839 992 1881 causa
1013 1821 1144 1881 llanaum
1168 1822 1312 1900 templum

135 1921 308 1978 extruxisse
337 1921 555 2001 existimarent,
587 1927 686 1980 mente
719 1938 778 1979 non
808 1921 1022 1998 perciperetur.
1068 1917 1161 1979 Immo
1194 1937 1311 1981 sacrum

131 2015 210 2076 illud
238 2015 309 2076 deae
340 2017 512 2096 cultumque
543 2019 634 2079 luisse
667 2019 904 2096 antiquissimum
933 2035 966 2076 ac
994 2017 1087 2078 multo
1121 2027 1189 2077 ante
1223 2037 1311 2096 quam

133 2114 297 2174 Dorienses
322 2113 459 2176 Rhodum
480 2115 688 2196 demigrarent,
711 2117 742 2175 in
766 2115 860 2175 insula
880 2115 1017 2174 floruisse
1037 2134 1104 2175 carm
1124 2115 1231 2175 llhodli
1255 2117 1311 2194 ipsi

132 2229 314 2292 persuasum
337 2212 482 2274 haherent
505 2214 633 2274 fabulam
657 2232 725 2274 cum
749 2212 937 2273 Heliadarum
963 2212 1062 2291 mytho
1087 2215 1311 2294 coniungentes

134 2316 203 2369 tum
222 2309 293 2369 illud
310 2313 420 2389 optime
435 2319 561 2372 testatur
575 2321 663 2391 atque
678 2313 841 2390 confirmat,
860 2310 940 2389 quod
960 2313 1023 2370 sine
1041 2313 1103 2390 igni
1118 2311 1189 2370 deae
1209 2310 1311 2392 liehat3

135 2405 175 2466 de
196 2425 254 2486 quo
274 2426 331 2468 usu
350 2409 386 2468 el.
408 2409 637 2492 Creuzerum,
661 2409 759 2489 Symh.
774 2409 787 2469 l
801 2429 828 2488 p.
846 2405 909 2469 172
924 2427 951 2468 n.
966 2405 1031 2469 293
1056 2417 1086 2468 et
1109 2409 1311 2468 Heliterum
1414 2441 1419 2446 ·

135 2505 158 2565 l.
182 2504 308 2584 cllp.
332 2502 374 2566 36
398 2525 426 2566 n.
453 2504 524 2568 140.
611 2553 615 2560 .

705 2733 740 2798 F.

508 2862 556 2922 lle
584 2861 790 2922 Phorbantc
818 2862 936 2922 heroe.

146 3005 148 3012 ’
225 3003 368 3082 Sequitur
388 3012 421 3065 ut
439 3005 475 3065 de
495 3003 665 3064 Phorbantc
685 3006 868 3084 serpentium
887 3003 1032 3066 domitore
1053 3024 1182 3084 agamus.
1213 3005 1310 3086 Atque

130 3086 203 3164 'cum
227 3099 327 3162 iahula
350 3101 472 3162 Diodori
496 3101 571 3163 duae
596 3102 667 3162 aliae
691 3102 888 3162 conserendae
908 3111 986 3184 sunt,
1011 3121 1136 3181 quarum
1156 3103 1245 3164 altera
1266 3105 1309 3164 in·

133 3201 258 3263 uenitur
288 3199 392 3279 Hygin.
420 3199 501 3261 Poet.
535 3201 651 3262 Astron.
675 3197 702 3259 ll
728 3197 781 3281 14,
815 3201 866 3278 qui
899 3209 1020 3260 auctore
1053 3203 1148 3260 utitur
1175 3200 1309 3280 Polyzelo

133 3297 263 3379 Rhodio,
287 3297 387 3378 altera,
407 3317 482 3378 quae
503 3318 518 3358 e
537 3297 697 3359 Dieuchida
712 3297 878 3376 Megarensi
897 3298 990 3377 lluxit,
1013 3297 1078 3358 Ath.
1094 3295 1131 3356 VI
1145 3317 1172 3376 p.
1188 3295 1262 3377 262,
1277 3297 1308 3358 Ε.

132 3399 231 3476 Atque
255 3393 389 3475 Hyginus
413 3397 533 3476 quidem
558 3397 614 3457 sic:
644 3391 840 3474 ‘Ophiuchus
878 3393 1030 3473 Polyzelus
1054 3403 1153 3456 autem
1177 3394 1309 3456 Rhodius

132 3496 214 3556 hunc
242 3493 410 3555 Phorbanta
438 3496 557 3554 nomine
586 3493 783 3573 demonstrat,
813 3495 864 3572 qui
893 3491 1016 3552 Rhodiis
1046 3491 1154 3552 auxilio
1182 3495 1309 3552 maximo

132 3595 227 3652 luisse
257 3592 486 3653 demonstratur.
533 3591 606 3652 Nam
634 3609 703 3652 curn
731 3609 835 3650 eorum
865 3589 991 3650 insulam
1015 3598 1186 3668 serpentum
1211 3589 1308 3650 multi·

133 3689 239 3750 tudine
263 3697 437 3768 occupatam
461 3692 543 3750 ciues
563 3687 725 3768 Ophiusam
749 3687 939 3768 appellarent,
962 3695 992 3747 et
1015 3689 1046 3746 in
1066 3705 1099 3746 ea
1118 3686 1307 3747 multitudine

132 3789 266 3847 ferarum
295 3786 384 3846 draco
413 3787 519 3847 luisset
549 3788 663 3866 ingenti
695 3783 911 3864 magnitudine,
945 3787 1003 3870 qui
1027 3783 1171 3863 plurimos
1204 3801 1308 3844 eorum
1350 3799 1357 3806 ·

132 3885 348 3964 interfecisset,
382 3879 425 3944 et'
444 3885 539 3962 patria
571 3884 698 3962 denique
731 3883 847 3942 deserta
876 3900 977 3942 carere
1008 3883 1167 3961 coegisset,
1199 3880 1308 3942 dicitur

133 3981 277 4062 Phorbas,
301 3981 428 4061 Triopae
451 3981 529 4042 iilius
554 4001 589 4042 ex
612 3979 740 4060 Hiscylla
758 3979 950 4060 Myrmidonis
973 3978 1032 4038 filia
1055 3987 1150 4059 natus,
1174 3998 1209 4039 eo
1234 3987 1307 4040 tem-

134 4088 251 4159 pestate
275 4079 390 4140 delatus
410 4097 513 4140 omnes
537 4079 615 4140 ieras
635 4086 665 4139 et
684 4097 751 4139 eum
771 4079 931 4138 draconem
948 4077 1144 4156 interfecisse,
1169 4081 1219 4156 qui
1239 4096 1307 4138 cum

135 4179 262 4240 maxime
277 4177 405 4256 Apollini
423 4177 550 4239 dilectus
569 4185 648 4238 esset
671 4176 785 4238 locatus
803 4179 882 4238 inter
901 4175 998 4236 sidera
1017 4175 1136 4256 dicitur,
1160 4184 1193 4237 ut
1216 4178 1306 4236 inter·

134 4275 239 4336 ficiens
259 4273 418 4334 draconem
437 4274 532 4335 laudis
551 4283 581 4334 et
599 4277 759 4336 memoriae
777 4293 864 4336 eausa
883 4263 1046 4334 uideretur.
1083 4271 1186 4352 ltaque
1201 4274 1308 4335 Rhodii

135 4373 374 4450 quotiescunque
399 4390 415 4431 a
437 4371 524 4432 litore
548 4371 668 4452 longius
687 4371 858 4452 producunt
881 4371 1004 4451 classeS,
1032 4371 1116 4450 prius
1140 4370 1307 4451 sacrificant
