3064 4966
713 380 953 446 -116-

249 563 368 625 quoque
393 542 589 622 scriptoribus
598 536 622 624 ¹)
645 543 802 621 celeratur,
826 543 945 618 antiqua
964 542 1139 617 integraque
1158 538 1255 600 sabula
1279 537 1427 617 templum

249 645 465 702 constituentes
498 642 622 719 cogitari
653 639 796 699 Danaides
830 656 991 716 earumque
1025 637 1089 697 loco
1124 657 1139 697 a
1173 637 1290 697 Zenone
1323 637 1427 695 minus

249 747 389 800 accurate
403 739 535 798 Danaum
556 737 697 798 substitui
716 747 818 797 nostro
838 737 903 796 iure
924 735 1145 796 contendemus.
1183 735 1322 795 Ceterum
1343 734 1427 814 quod

250 856 396 898 marmore
420 836 506 896 Pario
531 835 657 896 ellanai
676 835 743 896 tiliis
763 842 890 914 quatuor
910 833 1019 894 electae
1040 833 1171 912 deaeque
1194 841 1331 912 operatae
1357 851 1428 892 esse

249 936 403 1016 dicuntur,
435 934 512 995 hanc
540 933 669 994 fabulam
697 951 733 993 ex
762 931 859 1012 aquuo
888 931 1061 992 Lindiorum
1094 934 1154 991 ritu
1183 932 1427 1009 caerimoniaque

249 1043 346 1094 natam
378 1033 413 1092 ad
438 1031 486 1092 illa
510 1042 644 1111 tempora
667 1030 809 1092 translato
833 1030 984 1090 Heffterns
1007 1029 1025 1089 l.
1050 1049 1075 1090 c.
1098 1039 1179 1089 reete
1204 1029 1427 1090 animaduertit.

249 1131 307 1202 Qui
330 1139 430 1192 antem
454 1130 546 1190 luerit
568 1129 616 1189 ille
636 1131 720 1209 ritus,
744 1146 760 1187 a
784 1127 864 1188 nullo
889 1129 1065 1188 certioris.

338 1228 396 1288 Sed
420 1231 583 1307 permirum
608 1227 687 1305 qnod
712 1225 829 1286 Zenone
854 1235 975 1286 auctore
1000 1235 1061 1286 tres
1085 1224 1230 1285 Danaides
1248 1225 1335 1285 Lindi
1360 1227 1426 1302 uita

249 1327 413 1386 decessisse
442 1315 606 1405 lerunturj
636 1325 768 1396 Quarum
797 1326 933 1402 quamuis
960 1323 1040 1383 nulla
1069 1341 1194 1402 usquam
1222 1324 1272 1383 liat
1302 1326 1427 1404 mentio,

248 1434 347 1485 tamen
371 1425 536 1484 fortassee
562 1441 635 1483 nero
655 1441 714 1482 non
734 1421 950 1502 aberrabimus,
974 1423 999 1480 si
1022 1421 1096 1502 illas,
1120 1441 1135 1481 e
1160 1421 1268 1500 quibus
1286 1420 1427 1502 Lindum,
1464 1453 1468 1460 ·

249 1522 389 1604 Ialysum,
413 1521 562 1582 Camirnm
586 1523 704 1582 nomina
728 1520 848 1581 duxisse
874 1519 1018 1586 Strabone
1042 1528 1118 1580 teste
1142 1519 1276 1582 nonnulli
1300 1518 1427 1580 fabulati

249 1629 332 1700 sunt,
365 1620 484 1680 easdem
512 1637 577 1679 esse
606 1619 779 1679 duxerimus
807 1626 894 1696 atque
923 1617 1052 1678 Zenonis
1084 1618 1120 1678 ci.
1150 1617 1327 1678 Strabonem
1356 1615 1425 1676 XIV

188 1697 196 1712 ⁸
247 1737 275 1796 p.
300 1714 378 1780 654:
416 1716 500 1778 ἔνιοι
529 1709 565 1776 δὲ
593 1708 653 1776 τὸν
685 1708 900 1796 Τληπόλεμον
931 1714 1040 1776 κτίσαι
1072 1709 1155 1795 φασὶ
1184 1709 1261 1796 (scil.
1289 1712 1424 1776 Λίνδον

244 1804 398 1893 Ἰηλυσόν
421 1833 456 1874 τε
478 1809 534 1874 καὶ
558 1805 758 1894 ἀργινόεντα
777 1805 974 1894 Κάμειρον),
997 1809 1123 1874 θέσθαι
1148 1805 1184 1874 δὲ
1207 1804 1246 1874 τὰ
1271 1805 1425 1893 ὀνόματα

250 1902 437 1993 ὁμωνύμως
459 1909 528 1972 τῶν
551 1907 693 1972 Λαναοῦ
716 1906 914 1992 θυγατέρων
938 1909 1026 1972 τισίν
1051 1903 1223 1992 (coccini).

337 2009 398 2070 lam
413 2027 491 2071 uero
506 2009 577 2088 quid
596 2011 715 2092 omnino
735 2008 850 2070 fabulae
871 2007 1061 2069 tribuendum
1077 2010 1116 2068 sit
1130 2008 1292 2070 uideamus.
1324 2009 1425 2088 Atque

244 2107 398 2170 Hellterus
422 2107 541 2188 quidem
563 2107 580 2168 l.
600 2127 625 2170 e.
648 2126 709 2170 non
732 2126 797 2168 esse
822 2125 876 2167 cur
899 2106 987 2166 fidem
1010 2106 1182 2167 historicam
1206 2109 1233 2167 ei
1257 2107 1424 2186 denegares

248 2206 391 2266 iudicauit
413 2205 468 2266 hac
492 2207 555 2266 iere
579 2207 833 2284 argumentatione
854 2222 939 2264 usus:
961 2203 1126 2264 Mineruam
1145 2203 1279 2265 Lindiam
1300 2207 1331 2264 in
1356 2207 1423 2266 uni-

248 2322 370 2364 uersum
394 2305 527 2364 eiusdem
551 2312 674 2363 naturae
697 2310 786 2381 atque
809 2300 916 2362 indolis
941 2319 1006 2361 esse
1030 2311 1119 2382 atque
1143 2302 1307 2364 Mineruam
1330 2301 1424 2362 Grae·

249 2420 353 2462 corum
381 2411 558 2462 ceterorum.
605 2400 678 2462 Cum
708 2408 807 2460 autem
835 2398 952 2459 Danaus
980 2401 1140 2479 Aegyptius
1173 2401 1315 2480 templum
1349 2401 1423 2460 deae

249 2499 416 2560 condidisse
436 2499 595 2580 diceretur,
616 2500 687 2558 satis
710 2496 902 2576 probabiliter
926 2507 1086 2576 utrumque
1106 2501 1146 2559 ita
1165 2518 1230 2559 esse
1250 2501 1423 2560 consocian-

249 2599 329 2678 dum,
352 2606 386 2658 ut
404 2598 535 2658 Danaum
559 2596 608 2657 nel
631 2580 731 2676 potins
754 2595 828 2656 filias
851 2597 916 2655 eins
940 2614 975 2656 ex
998 2596 1129 2656 hostium
1152 2605 1424 2676 tempestatumque

173 2725 175 2729 v
248 2695 381 2775 periculo
410 2695 548 2756 liberatas
576 2714 643 2756 cum
672 2693 777 2754 incolis
806 2685 981 2754 conuenisse
1006 2696 1170 2775 accipereS,
1199 2704 1232 2755 ut
1260 2694 1424 2776 Mineruae,

249 2796 334 2853 euius
371 2795 557 2873 potissimum
594 2791 702 2852 anxilio
735 2801 823 2870 atque
856 2791 958 2852 fauore
991 2810 1046 2870 pro
1078 2793 1209 2871 ipsarum
1248 2792 1422 2854 condicione

249 2893 417 2951 niterentur
440 2899 528 2969 atque
548 2888 740 2969 confiderent,
763 2887 906 2968 templum
925 2898 1106 2949 extruerent.
1140 2890 1221 2961 Quae
1236 2893 1423 2950 ratiocinatio

249 2989 352 3048 dubito
381 3007 452 3050 num
480 2998 558 3048 stare
587 2989 689 3066 possit.
735 2986 869 3046 Primum
894 2989 972 3046 enirn
1000 2987 1149 3048 hominem
1176 2990 1366 3067 peregrinum
1391 2991 1422 3048 in

249 3087 376 3148 insulam
409 3087 615 3147 deuertentem
644 3073 743 3163 ibique
778 3083 911 3144 nonnihil
946 3087 1094 3164 temporis¹
1114 3095 1284 3146 uersantem
1316 3085 1423 3146 incolis

248 3185 442 3265 persuadere,
471 3191 587 3244 utnon
614 3185 708 3262 ipsius
736 3182 783 3242 dei
807 3182 960 3242 cniusdam
984 3183 1036 3242 sed
1060 3183 1178 3244 illorum
1202 3203 1319 3246 sacrum
1343 3184 1422 3246 aedi·

248 3284 347 3364 ficent,
370 3285 436 3344 ueri
460 3293 505 3342 est
528 3280 763 3341 dissimillimum.
806 3279 916 3340 Contra
939 3299 1028 3358 quem
1051 3283 1116 3360 ipse
1139 3285 1197 3342 iam
1221 3283 1271 3343 diu
1295 3281 1423 3343 coluerit

249 3379 304 3439 deo
332 3380 434 3440 aedem
465 3389 612 3440 entruere¹
634 3396 701 3438 eum
729 3385 876 3457 expectas.
921 3377 1033 3439 Deinde
1062 3399 1135 3440 uero
1158 3380 1305 3444 nonnulla
1332 3379 1423 3441 habet

249 3481 389 3558 narratio,
413 3496 488 3556 quae
513 3486 593 3537 certe
618 3477 763 3555 originem
784 3478 899 3554 sapiant
917 3475 1065 3554 Argiuam.
1102 3477 1186 3539 Licet
1205 3481 1284 3538 eninr
1304 3478 1426 3555 Danaus·

248 3578 312 3654 ipse
347 3594 405 3636 non
438 3578 510 3634 item
538 3583 572 3634 ut
599 3574 647 3634 alii
677 3573 783 3634 heroes
811 3592 936 3653 prorsus
964 3577 1002 3634 sit
1029 3577 1156 3637 ficticins
1184 3595 1290 3656 nequeo
1314 3579 1422 3656 omnia,

250 3689 326 3751 qnae
349 3672 386 3732 de
410 3691 445 3734 eo
469 3672 620 3752 feruntur,
649 3671 705 3731 lide
730 3682 849 3732 careant
872 3672 1027 3754 historica,
1054 3683 1153 3735 tamen
1181 3675 1218 3738 de
1241 3673 1421 3734 Danaidibns

249 3789 324 3848 quae
352 3771 480 3830 traditur
508 3769 605 3830 sabula
634 3769 670 3829 ab
698 3771 778 3830 omni
806 3772 933 3831 ueritate
961 3771 1101 3832 abhorret
1133 3773 1169 3833 ab
1201 3775 1274 3852 ipsis
1302 3772 1421 3850 Argiuis

248 3977 428 4045 περιεποίησε
453 3974 543 4046 χύδην
567 3973 663 4039 αὐτοῖς
686 3972 736 4030 τὸν
760 3977 890 4030 πλοῦτον.
927 3978 964 4032 Et
988 3978 1088 4034 Strabo
1106 3979 1172 4034 XIV
1190 3984 1254 4034 664:
1277 3975 1315 4033 Oi
1331 3971 1359 4032 θ’
1380 3976 1422 4042 εἰς

248 4057 344 4126 μῦθον
367 4051 513 4126 ἀνήγαγον
538 4054 570 4112 cd
596 4056 663 4118 ἔπος
686 4057 734 4134 καὶ
757 4052 859 4126 χρυσὸν
882 4053 1012 4126 ὑσθῆναί
1033 4077 1120 4127 φασιν
1140 4055 1171 4112 ἐν
1194 4060 1227 4128 τῇ
1251 4055 1328 4128 νήσῳ
1346 4055 1419 4112 κατὰ

248 4135 300 4206 τὴν
317 4131 435 4205 Ἀθηνᾶς
454 4135 564 4207 γένεσιν
584 4133 615 4191 εἰι
635 4138 683 4205 της
702 4135 827 4204 demolire
846 4136 895 4188 τοῦ
915 4134 998 4206 Διός,
1017 4132 1054 4201 ὡς
1073 4140 1167 4208 εἴρηκε
1187 4140 1338 4208 Πίνδαρος.

321 4220 347 4285 1)
366 4215 406 4270 Of.
425 4219 558 4273 Herodot.
579 4217 604 4271 Π
624 4223 687 4271 182:
707 4212 751 4271 ὅτι
770 4217 802 4272 δὲ
821 4213 852 4270 τὸ
873 4212 904 4270 ἐν
923 4217 1016 4289 Λίνᾶῳ
1031 4211 1062 4270 τὸ
1077 4219 1128 4286 τῆς
1143 4213 1291 4286 Ἀθηναίης
1308 4215 1421 4286 λέγεται

247 4294 298 4360 τὰς
316 4299 366 4352 τοῦ
387 4301 505 4354 Δαναοῦ
524 4299 686 4368 θυγατέρας
706 4295 877 4367 ἱδρύσασθαι
896 4294 1101 4367 προσσχούσας;
1122 4301 1151 4352 et
1170 4298 1335 4354 Strabonem
1355 4297 1420 4352 XIV

248 4397 274 4446 p.
295 4384 359 4432 655:
386 4375 463 4449 lapda
482 4379 514 4434 δέ
534 4375 609 4434 ἐστιν
626 4373 744 4446 Ἀθηνᾶς
762 4380 880 4444 Λινδίας
899 4372 1006 4432 αὐτόθι
1031 4373 1170 4446 ἐπιφανὲς
1188 4379 1243 4432 τῶν
1263 4376 1419 4432 Δαναΐδων
1470 4431 1473 4440 ,

248 4460 361 4530 ἵδρυμα.
