3064 4966
570 381 810 447 -115-

104 547 154 625 sit,
179 545 356 625 explicetur,
379 563 434 605 cur
457 548 521 606 sine
544 547 605 624 igni
628 544 779 606 Mineruae
802 543 923 606 Lindiae
948 541 1038 627 liat1),
1068 554 1165 606 tamen
1189 546 1280 606 altera

104 643 141 703 ab
167 643 257 704 altera
280 645 322 704 ita
346 643 504 724 discrepat,
527 653 595 704 uta
615 643 732 704 Zenone
757 644 876 721 quidem
899 643 1061 723 primordia
1085 643 1183 706 cultus
1208 644 1279 704 deae

103 739 227 802 Lindiae
260 760 328 802 cnm
356 741 580 803 Atheniensium
613 741 754 820 religione
783 741 934 802 Mineruae
964 742 1169 822 conterantur,
1201 743 1280 802 inter

104 847 262 918 utramque
291 847 409 918 gentem
437 848 576 918 tanquam
605 842 766 900 certamine
799 840 881 920 licto,
914 857 973 918 quo
1006 848 1073 900 utra
1106 839 1190 900 deam
1224 839 1280 900 sibi

104 938 248 1018 uindicet,
270 937 457 1018 decernatur,
480 939 620 998 nimirum
645 936 680 998 ad
704 937 776 998 illud
800 937 1025 1018 expediendum,
1050 937 1168 1018 quade
1192 955 1280 999 cansa

104 1034 160 1094 dea
184 1037 308 1095 maxime
337 1037 375 1096 sit
398 1035 632 1096 Atheniensium.
669 1035 707 1095 At
729 1035 876 1096 Pindarus
899 1035 1130 1096 Atheniensibus
1160 1037 1279 1096 omnino

103 1135 324 1211 praetermissis
347 1133 477 1194 Rhodios
503 1153 562 1194 non
582 1132 618 1193 ad
638 1133 722 1193 deam
742 1133 799 1194 sibi
818 1134 1031 1194 conciliandam
1050 1133 1280 1194 Atheniensibus

9 1303 10 1308 γ
105 1231 288 1310 eripiendam
317 1249 400 1291 sacra
428 1233 456 1292 ei
486 1231 645 1292 offerentes
673 1230 801 1312 inducit,
830 1231 881 1292 sed
910 1240 944 1304 ut
971 1231 1122 1292 Mineruae
1147 1239 1177 1292 et
1199 1230 1279 1292 locris

104 1331 220 1389 animos
244 1329 349 1408 gaudio
373 1337 403 1390 et
427 1328 622 1390 oblectatione
647 1329 789 1391 afficiant:
813 1329 1007 1409 quamohrem
1026 1349 1042 1389 a
1061 1329 1125 1390 deis
1148 1331 1280 1409 praemia

9 1487 10 1492 ,
66 1439 70 1446 ·
105 1426 174 1486 illos
199 1425 311 1488 tulisse.

196 1524 259 1594 Qua
274 1524 438 1586 labularum
450 1524 647 1604 discrepantia
658 1525 828 1602 diligentius
843 1544 989 1606 perpensa
1004 1534 1092 1605 atque
1108 1527 1281 1608 examinata,

103 1622 226 1682 Pindari
245 1625 429 1703 auctoritate,
454 1631 564 1702 quanto
584 1631 706 1703 superet
724 1623 895 1705 Diodorum,
919 1623 1115 1706 considerata,
1140 1626 1281 1702 quoniam
1333 1655 1344 1692 ,-

103 1720 189 1780 illum
212 1722 331 1799 quidem
360 1719 472 1782 labulas
501 1719 642 1781 exhibere
668 1729 784 1782 constat
806 1721 901 1783 multo
925 1723 1093 1802 antiquiore
1117 1721 1211 1782 lorma
1235 1723 1279 1781 in-

105 1817 194 1878 dutas
222 1837 309 1898 qnam
338 1819 432 1901 hunc,
461 1825 610 1880 certamen
639 1818 711 1880 illud
735 1819 923 1881 Rhodiorum
943 1827 972 1880 et
995 1819 1221 1880 Atheniensium
1245 1817 1280 1878 de

104 1914 258 1977 Mineruae
279 1919 371 1978 sacris
391 1919 590 1978 institutuma
610 1919 735 1998 pristina
755 1917 870 1978 fabulae
890 1919 990 1998 specie
1008 1935 1133 1996 prorsus
1153 1917 1281 1978 alienum

105 2032 137 2074 ac
162 2023 322 2094 postcom
346 2033 380 2075 ea
404 2017 596 2075 coniunctum
621 2033 686 2075 esse
710 2033 881 2076 remonon
905 2018 1075 2095 perspiciet.

195 2112 256 2173 Nec
279 2123 377 2174 tamen
397 2111 570 2173 Pindaricae
595 2111 710 2173 labulae
734 2131 794 2173 non
818 2115 905 2194 inest,
929 2112 1008 2192 quod
1031 2115 1171 2192 primitus
1190 2111 1226 2172 ab
1246 2130 1281 2172 ea

108 2209 246 2271 uideatur
279 2211 371 2272 luisse
406 2219 588 2290 separatum:
626 2229 746 2272 auream
779 2211 858 2271 illam
892 2211 958 2271 dieo
990 2210 1130 2290 pluuiam.
1187 2208 1281 2280 Quam

9 2381 10 2386 γ
105 2308 239 2388 pluniarn
266 2327 302 2368 ex
330 2308 452 2369 Homeri
475 2327 582 2390 uersu,
611 2310 662 2387 qui
686 2311 842 2369 inuenitur
866 2307 898 2368 ll.
923 2307 945 2366 B
966 2305 1040 2388 670,
1065 2327 1124 2386 quo
1148 2307 1281 2387 Tlepole-

9 2403 11 2474 ζ
106 2425 187 2467 mum
216 2425 232 2466 a
260 2405 330 2466 ioue
360 2407 473 2467 diuitiis
501 2405 684 2466 cumulatum
713 2423 778 2466 esse
807 2399 930 2488 legis²),
963 2408 1004 2466 ita
1033 2405 1186 2467 collectam
1215 2423 1280 2465 esse

9 2523 11 2576 j
105 2514 252 2585 putamus,
276 2511 311 2564 ut
333 2507 429 2584 primo
454 2521 512 2564 non
537 2506 628 2564 certis
652 2503 837 2584 temporibus
861 2512 999 2564 certaeue
1023 2503 1140 2564 cuidam
1166 2503 1281 2563 tabulae

107 2602 330 2682 adiungeretur.
377 2601 503 2663 Posthac
536 2619 595 2680 quo
628 2609 763 2681 tempore
796 2610 826 2662 et
859 2619 916 2680 qna
948 2601 985 2661 de
1018 2620 1106 2662 causa
1138 2601 1282 2662 diuinitus
1378 2634 1386 2650 ·

10 2703 11 2782 ᾗ
105 2702 195 2761 missa
219 2708 307 2782 esset,
331 2700 416 2760 facile
436 2702 656 2779 excogitarunt:
679 2699 787 2760 Rhodii
806 2717 842 2758 an
866 2701 930 2778 ipse
950 2698 1104 2779 Pindarus,
1124 2701 1281 2758 incertum.

194 2799 317 2860 Praeter
337 2791 394 2858 bas
417 2797 537 2859 Diodori
561 2805 591 2858 et
612 2797 732 2858 Pindari
756 2797 869 2858 fabulas
889 2816 905 2857 e
925 2797 1110 2857 sacrificandi
1130 2799 1188 2857 ritu
1213 2814 1280 2875 pro-

107 2897 200 2956 lectas
224 2897 284 2957 noli
308 2895 387 2956 illius
411 2895 555 2976 obliuisci,
580 2913 655 2974 quae
679 2903 759 2956 extat
778 2895 861 2956 Diod.
881 2914 905 2955 o.
926 2891 978 2976 58,
1002 2897 1111 2974 quippe
1131 2912 1189 2973 qna
1213 2895 1280 2972 quis

107 2994 220 3055 cultum
248 2993 399 3055 Mineruae
424 2993 510 3052 Lindi
538 2994 704 3054 instituisse
734 2992 940 3074 perhibeatur,
969 2995 1142 3072 comperias.
1188 2991 1280 3051 Paulo

106 3091 191 3152 aliter
210 3110 298 3170 quam
317 3109 331 3150 a
352 3090 481 3152 Diodoro
499 3091 636 3170 proditur
656 3109 705 3150 res
724 3108 871 3150 marmore
886 3089 987 3151 Pario:
1011 3109 1069 3168 quo
1090 3107 1149 3150 non
1164 3089 1281 3149 Danaus

107 3189 157 3250 sed
181 3197 309 3268 quatuor
332 3185 423 3249 Danai
446 3189 536 3249 filiae:
562 3179 768 3268 [Ἀμυμ]αίνη
791 3182 846 3248 καὶ
872 3179 1070 3270 [Εὐρωτώῗ]
1095 3181 1150 3249 καὶ
1168 3178 1280 3265 Ἑλίκη

105 3281 160 3347 καὶ
180 3277 350 3368 Ἀρχεδίκη
375 3295 456 3348 sorte
480 3286 592 3347 electae
611 3285 762 3346 Mineruae
785 3285 929 3366 templum
948 3287 1118 3346 aedificasse
1138 3304 1280 3364 sacraque

106 3385 212 3446 iecisse
240 3395 412 3464 narrantur3
448 3386 484 3444 cl.
513 3383 679 3444 Heliternm
702 3383 720 3443 l.
745 3403 769 3444 c.
799 3383 825 3444 ll
847 3404 876 3464 p.
901 3381 1041 3446 83-84.
1088 3383 1184 3461 Atque
1212 3397 1281 3442 cum

107 3501 165 3542 non
189 3491 249 3543 tam
273 3484 308 3544 ad
332 3485 431 3563 ipsum
454 3482 586 3542 Danaum
606 3499 694 3560 quam
714 3481 750 3540 ad
769 3481 913 3542 Danaidas
933 3499 1049 3542 sacrum
1070 3481 1142 3541 deae
1161 3479 1197 3539 ab
1217 3479 1281 3540 aliis

179 3675 205 3740 1)
227 3671 319 3726 Aliter
337 3669 519 3726 sacrificandi
542 3669 627 3724 ritum
652 3671 807 3740 explicauit
824 3671 1001 3740 Apollonius:
1028 3669 1068 3724 cf.
1088 3667 1179 3722 Schol.
1199 3666 1280 3722 Pind.

12 3819 13 3822 Ἴ
108 3750 149 3806 Oi.
168 3753 221 3808 Vll
239 3759 286 3808 86:
311 3752 368 3807 Kal
389 3747 567 3813 Ἀπολλώνιος
585 3748 600 3805 ὁ
620 3747 738 3819 ποιητής
763 3769 850 3819 φησιν
873 3745 970 3817 ἄπορα
988 3744 1055 3810 τοὺς
1075 3743 1199 3810 Ῥοδίους
1218 3743 1280 3813 ἱεροὶ

107 3830 191 3887 θύειν
215 3829 340 3902 διὰ”τὴν
362 3828 433 3899 πρὸς
449 3827 607 3900 Ἥφαιστον
627 3830 712 3885 ἕνεκα
735 3831 792 3884 τῶν
807 3825 913 3898 ’γάμων
933 3826 1055 3898 ἔχθραν,
1079 3823 1279 3892 declaratore

108 3907 157 3980 τὴν
174 3908 295 3980 Ἀθηνᾶν
315 3907 486 3983 βουλόμενος
505 3912 685 3982 σαμμινῆναι.
721 3911 779 3964 Has
797 3925 886 3978 nugas
904 3925 961 3963 non
980 3908 1017 3962 nd
1035 3907 1170 3978 populum
1189 3907 1281 3976 ipsum

108 3989 279 4047 Rhodiorum
299 3993 348 4047 sed
367 3992 403 4048 ad
422 3994 537 4062 poetam
556 3991 647 4046 redire
666 3991 792 4061 apparet.

12 4115 13 4118 ,
177 4073 205 4142 ἓ)
225 4074 286 4125 Καί
306 4091 374 4141 σφιν
396 4072 551 4126 θεσπέσιον
574 4070 697 4124 πλοῦτον
720 4067 855 4138 κατέχευε
876 4069 1017 4138 Κρονίων·
1049 4066 1178 4121 Pluuiam
1201 4064 1281 4119 illam

12 4167 13 4188 ³
108 4150 222 4206 Homeri
236 4151 293 4206 iam
307 4151 481 4222 temporibus
495 4151 638 4221 cognitam
652 4165 685 4203 ac
695 4149 891 4220 peruulgatam
906 4148 999 4214 luisse,
1014 4164 1029 4200 e
1043 4147 1130 4200 uerbo
1144 4139 1279 4213 κατέχὲοε

108 4231 221 4286 minime
245 4231 324 4301 sequi
347 4233 396 4287 sed
419 4232 513 4302 potins
537 4230 696 4285 conclusam
719 4229 784 4284 inde
807 4228 949 4300 perspexit
972 4227 1058 4281 etiam
1083 4225 1176 4280 Schol.
1200 4223 1280 4278 Pind.

13 4335 14 4342 ε
108 4308 159 4364 VII
178 4317 225 4366 62:
249 4312 332 4366 τοῦτο
357 4309 388 4366 ἐκ
412 4312 467 4365 τῶν
487 4307 609 4380 Ὁμήρου
633 4305 770 4380 ὁρμηθεὶς
792 4307 882 4378 λέγει,
906 4303 949 4362 ὅτι
969 4303 1040 4368 Ζεὺς
1059 4301 1163 4376 χρυσὸν
1184 4302 1279 4377 ἔβρεξε

13 4401 14 4444 1
108 4397 166 4453 τοῖς
180 4386 298 4454 Ῥοδίοις
316 4387 365 4446 διὰ
384 4387 416 4446 τὸ
436 4386 486 4444 τὸν
504 4386 626 4457 ποιητὴν
645 4387 801 4458 εἰρηκέναι·
822 4391 883 4443 Καί
898 4405 966 4456 σφιν
983 4383 1138 4441 θεσπέσιον
1156 4385 1281 4438 πλοῦτον

13 4519 16 4546 ,
109 4469 242 4542 κατέχευε
262 4474 401 4542 Κρονίων,
420 4465 473 4526 οὐκ
492 4465 636 4540 εἰρηκότος
651 4464 774 4540 Ὁμήρου
789 4463 834 4524 ὄτι
852 4464 868 4524 ὁ
883 4463 955 4530 Ζεῦς
969 4465 1065 4539 ἔβρεξε
1080 4461 1192 4536 χρυσόν,
1211 4459 1281 4518 ἀλλὰ

13 4553 15 4566 ,
713 4582 715 4586 ¹
1033 4553 1070 4611 8,
