3064 4966
694 297 932 361 ..104-

228 461 374 522 Strabone
397 460 423 520 X
446 459 512 522 472
542 464 630 522 etiam
659 460 801 539 Stephani
828 460 894 540 Byz.
923 462 1093 520 testimonio
1122 460 1360 540 demonstratur,
1392 477 1412 519 a

228 579 287 639 quo
301 559 497 639 Hierapytnae
521 563 620 639 prisca
643 561 763 619 nomina
785 558 895 619 Camiri
917 566 948 618 et
970 557 1082 637 Cyrbes
1105 559 1198 618 luisse
1221 551 1411 639 dicuntur.¹)

318 658 404 729 Quod
424 677 492 718 curn
511 667 579 737 post
598 657 685 718 Creta
704 657 810 717 horum
825 657 1002 735 daemonum
1017 666 1158 734 tanquam
1172 675 1294 735 campus
1312 647 1411 734 atque

227 758 323 836 patria
351 775 417 816 csse
444 764 615 836 putaretur,
643 755 692 815 uel
719 774 755 814 eo
789 765 1015 834 processerunt,
1041 763 1076 815 nt
1103 754 1260 815 Telchines
1290 753 1411 814 ibidem

229 863 311 914 ortos
333 856 462 934 primum
483 854 612 933 Cyprum
636 853 742 913 deinde
761 852 899 912 Rhodum
918 852 1099 930 demigrasse
1118 855 1329 930 excogitarent
1359 852 1410 912 Cl.

230 951 326 1012 Strab.
350 950 415 1010 xlv
438 948 504 1012 654
527 961 558 1012 et
571 951 671 1011 'Nicol
695 950 775 1010 llam.
799 969 843 1029 ap.
867 949 1043 1010 Muellerum
1064 949 1095 1009 F.
1115 950 1149 1010 H.
1169 951 1201 1010 G.
1222 949 1262 1008 lll
1280 969 1308 1029 p.
1322 946 1411 1010 459:
1478 960 1482 967 '

230 1050 307 1110 unde
332 1049 422 1130 Cypri
445 1067 564 1127 quoque
587 1049 721 1107 eiusdem
745 1056 868 1108 naturae
890 1049 963 1108 deos
986 1049 1078 1108 fuisse
1102 1052 1227 1127 cogitur.

319 1147 395 1207 Suas
427 1155 525 1206 autem
558 1148 714 1225 opiniones
750 1148 945 1224 cogitationes
981 1147 1199 1225 religionesque
1239 1148 1411 1225 antiquitus

229 1245 360 1306 Rhodios
389 1244 438 1304 nel
467 1243 556 1304 Caras
585 1247 615 1303 in
639 1243 791 1302 Graeciam
818 1245 993 1320 importasse
1020 1263 1138 1304 sacrum
1155 1243 1314 1334 'Mineruae
1337 1243 1410 1302 Tel-

231 1343 346 1404 chiniae
369 1343 456 1402 docet
479 1341 633 1401 Teumessi
662 1343 870 1401 constitutum:
899 1360 934 1400 ex
958 1360 1017 1419 quo
1047 1360 1131 1401 sacro
1154 1341 1315 1402 Pausanias
1338 1359 1410 1419 par-

231 1451 290 1502 tem
314 1439 441 1517 aliquam
464 1438 654 1518 Telchinum,
687 1441 738 1517 qui
767 1438 896 1517 Cyprum
924 1441 1165 1518 occupauissent,
1192 1441 1224 1498 in
1252 1438 1410 1498 Boeotiam

229 1539 392 1620 prolectam
421 1557 487 1597 esse
515 1537 675 1597 concludit.
716 1536 759 1596 Cl.
782 1535 868 1596 Paus.
892 1535 933 1594 lll
959 1535 1007 1615 19,
1034 1536 1065 1597 1:
1102 1531 1170 1596 Kal
1195 1526 1341 1615 Ἀθηνᾶς
1369 1531 1412 1596 ἐν

232 1633 392 1720 Τενμησῷ
425 1634 596 1714 Τελχινίας
623 1629 714 1695 ἐστὶν
743 1628 835 1715 ἱερὸν
854 1681 883 1695 ..
907 1629 940 1706 ἐς
963 1627 1000 1694 δὲ
1023 1625 1084 1712 τὴν
1108 1630 1279 1713 ἐπίκλησιν
1302 1624 1412 1712 αὐτῆς

230 1733 321 1795 ἔστιν
348 1725 489 1807 εἰκάζειν
516 1723 561 1804 ὡς
589 1731 657 1792 τῶν
684 1729 721 1793 ἐν
745 1724 873 1814 Κύπρῳ
898 1725 977 1792 ποτὲ
1001 1728 1210 1811 οἰκησάντων
1237 1732 1411 1812 Τελχίνων

229 1824 445 1911 ἀφικομένων
468 1837 569 1911 μοῖρα
593 1825 627 1902 ἐς
649 1821 819 1900 Βοιωτοὺς
847 1821 940 1910 ἱερὸν
969 1822 1130 1911 ἱδρύσατο
1155 1821 1300 1909 Ἀθηνᾶς
1332 1829 1411 1889 Τελ-

230 1927 348 2010 χινίοις.

320 2025 381 2086 lam
409 2045 482 2086 uero
511 2025 590 2104 quod
619 2027 724 2086 attinet
751 2025 786 2084 ad
815 2027 926 2085 exitum
951 2025 1126 2085 Telchinum
1149 2025 1239 2085 etad
1263 2025 1411 2104 Apollinis

233 2125 375 2204 templum
400 2144 415 2184 a
436 2123 514 2203 Lyco
538 2126 568 2183 iu
588 2123 676 2202 Lycia
699 2131 878 2203 extructum,
902 2122 1029 2183 Lobeck.
1052 2123 1070 2182 l.
1089 2142 1114 2182 c.
1137 2143 1165 2202 p.
1188 2121 1410 2185 1186—1187

232 2224 308 2286 hanc
328 2222 447 2301 quidem
467 2221 594 2282 labulam
613 2241 672 2281 non
692 2224 775 2301 prius
794 2223 876 2280 nasci
893 2223 1027 2300 potuisse
1047 2223 1172 2301 censuit,
1191 2240 1280 2300 quam
1299 2223 1412 2282 Rhodii

233 2325 264 2381 in
287 2321 375 2400 Lycia
398 2319 504 2398 pedem
527 2322 710 2399 posuissent3
738 2339 898 2398 ausamque
922 2319 1018 2378 datam
1048 2337 1114 2378 esse
1143 2320 1179 2378 ad
1207 2339 1271 2380 eam
1295 2321 1410 2398 lingen-

233 2420 300 2480 dam
319 2420 438 2478 nomine
457 2417 636 2478 Thelxinoae
655 2417 876 2478 Praxidicarum
900 2419 999 2496 unius,
1023 2419 1124 2476 uxoris
1147 2416 1278 2497 Tremili,
1300 2416 1410 2496 Lyciae

233 2519 331 2596 gentis
350 2517 489 2575 auctoris.
528 2514 619 2575 Cuius
639 2517 766 2575 nominis
786 2515 978 2575 similitudine
998 2513 1147 2573 Zenonem
1166 2514 1214 2574 uel
1234 2517 1409 2594 quicunque

233 2616 398 2674 inuenisset
426 2613 553 2674 fabulam
578 2613 614 2672 ad
638 2612 795 2672 Telchines
818 2612 949 2672 Rhodios
972 2630 1038 2671 esse
1067 2612 1250 2692 traductum,
1279 2632 1411 2692 quorum

233 2715 263 2772 in
288 2731 412 2772 numero
437 2713 567 2771 serretur
592 2711 696 2790 Lycus.

322 2811 459 2870 Attamen
482 2811 659 2886 antiquioris
677 2816 764 2869 notae
783 2808 912 2868 tabulam
931 2827 997 2868 esse
1017 2827 1072 2868 nec
1092 2818 1151 2869 tam
1171 2828 1187 2869 e
1208 2808 1310 2869 subtili
1328 2809 1411 2870 docti

234 2908 387 2969 cuiusdam
415 2908 543 2966 hominis
571 2909 685 2967 ratione
714 2915 744 2966 et
772 2907 962 2967 conclusione
990 2925 1079 2985 qnam
1102 2926 1138 2966 er
1167 2909 1240 2986 ipsis
1270 2915 1409 2968 ueterum

234 3007 342 3068 Carum
361 3007 488 3083 ingeniis
511 3004 679 3082 proiectum
702 3005 781 3065 haud
804 3004 890 3064 aliter
913 3024 947 3064 ac
965 3013 1061 3065 totum
1079 3005 1116 3064 de
1136 3003 1329 3066 T'elchinibus
1349 3024 1410 3084 my·
1522 3075 1523 3080 η

234 3104 318 3164 thum
348 3101 416 3162 inde
449 3103 636 3181 potissimum
670 3105 800 3183 eruitur,
832 3103 911 3180 quod
944 3102 1057 3182 Lycum
1089 3121 1147 3162 rina
1173 3122 1242 3162 cum
1265 3103 1410 3163 Termero
1522 3105 1523 3180 l

236 3203 351 3262 leroces
370 3199 492 3278 Lelegas
511 3201 683 3278 primosque
707 3203 817 3279 piratas
836 3202 979 3278 cogitatos
1003 3201 1095 3260 luisse
1115 3203 1235 3280 scripsit
1253 3199 1410 3280 Philippus

237 3297 449 3378 Theangeleus,
474 3315 562 3376 quem
582 3297 695 3357 tabulas
714 3297 853 3358 exhibere
874 3301 1009 3377 antiquas
1024 3307 1053 3358 et
1067 3297 1160 3358 bonas
1175 3317 1210 3358 eo
1225 3297 1410 3377 probabilius

237 3407 291 3478 est,
316 3395 394 3476 quod
417 3399 480 3476 ipse
501 3413 517 3454 e
537 3393 646 3456 Carum
665 3403 752 3474 gente
772 3406 859 3456 natus
879 3395 942 3457 luit.
980 3395 1022 3457 Cl.
1038 3395 1135 3456 Schol.
1151 3398 1182 3456 iu
1196 3396 1299 3474 Eurip.
1319 3395 1408 3456 Thes,

237 3491 303 3558 505
332 3495 377 3555 ed.
402 3493 507 3572 Cobet,
532 3500 562 3552 et
585 3492 691 3554 Athen.
715 3493 752 3552 Vl
778 3514 806 3574 p,
830 3491 956 3576 271,B;
984 3514 1017 3554 ac
1046 3493 1178 3555 Mueller.
1202 3493 1232 3554 F.
1256 3493 1291 3553 H.
1316 3493 1349 3554 G.
1373 3493 1412 3553 lV

328 3690 461 3767 Denique
486 3688 564 3768 quod
589 3688 731 3768 Apollinis
755 3708 872 3750 sacrum
897 3709 986 3769 super
1006 3689 1116 3748 Xanthi
1138 3691 1218 3768 ripas
1242 3689 1412 3750 condidisse

238 3788 348 3849 dicitur
371 3786 482 3868 Lycus,
506 3788 715 3848 confinxerunt
737 3794 838 3867 aperte
862 3787 1004 3868 Apollinis
1028 3786 1158 3848 Λυκίου
1181 3789 1300 3847 nomine
1328 3787 1412 3850 ducti

237 3887 398 3965 eademque
427 3887 475 3946 usi
502 3886 616 3946 ratione
645 3904 702 3965 qua
735 3886 838 3946 similis
871 3886 907 3945 de
935 3885 1041 3964 Mylete
1075 3884 1220 3946 molarum
1251 3887 1411 3947 inuentore

239 3983 337 4045 fabula
360 3991 462 4044 exorta
486 3991 539 4045 est.
577 3978 634 4063 (Cl.
659 3977 758 4066 inira.)
818 3987 829 3998 ‘

311 4177 337 4241 1)
356 4173 396 4228 st.
416 4175 480 4244 Byn.
498 4191 522 4230 s.
542 4192 568 4228 u.
584 4169 750 4242 ‘laodicaeno
768 4168 786 4241 ἡ
806 4171 943 4242 πρότερον
962 4171 1061 4246 Κύρβοι
1081 4213 1087 4226 .
1104 4217 1109 4228 .
1126 4216 1132 4229 .
1152 4170 1213 4226 εἶτα
1232 4167 1366 4243 Κοίμιρος.

1521 4071 1523 4156 ι
