3064 4966
745 322 982 386 —124-

276 509 394 570 quoque
418 507 522 565 causas
546 489 652 549 allerre
675 487 758 566 licet,
787 485 896 565 quihus
924 488 1088 546 sententiae
1113 505 1128 545 a
1152 488 1227 546 uiris
1255 486 1352 548 doctis
1380 506 1454 566 pro·

274 587 349 647 latae
373 587 546 667 adstipulari
570 593 716 647 uetamur.
757 583 965 645 Althaemenes
989 586 1068 644 enim
1092 585 1330 664 quandoquidem
1360 585 1454 646 heros
1517 618 1518 621 ¹

276 695 322 748 est
346 685 534 766 Camirensis,
558 686 609 763 qui
632 685 697 744 fieri
719 683 826 762 potuit,
849 687 883 741 ut
901 681 971 742 huic
989 683 1178 761 potissimum
1196 682 1264 743 urbi
1282 684 1453 747 uindicare-

274 793 333 865 tur‚
353 785 379 844 si
397 784 487 844 heros
505 781 667 861 Doriensis,
687 781 738 859 qui
757 781 812 839 tria
835 778 941 858 oppida
961 780 1128 841 condidisse
1148 781 1252 862 fertur,
1272 783 1350 842 idem
1371 791 1455 844 esset

274 889 364 961 atque
379 877 552 942 Cretensis?
584 876 683 949 Quid?
716 878 780 950 Qua
802 877 921 938 tandem
941 896 974 937 re
994 887 1145 957 permotos
1165 897 1231 939 esse
1251 897 1356 940 censes
1372 879 1453 940 Rho-

277 977 341 1038 dios
361 988 394 1039 ut
413 977 526 1039 cultum
546 977 626 1037 louis
644 975 679 1054 ad
700 974 920 1036 Althaemenem
940 984 1127 1057 reuocarent,
1151 979 1176 1036 si
1195 995 1254 1037 non
1275 977 1454 1039 Cretensem

276 1084 417 1155 putarent
444 1075 496 1136 sed
525 1075 712 1155 Doriensem,
745 1077 796 1154 qui
819 1073 937 1134 Cretam
965 1081 1081 1135 tantum
1108 1077 1204 1154 attigit
1226 1072 1453 1160 nauigando?¹)

363 1174 408 1235 Me
429 1173 549 1254 quidem
568 1173 666 1234 iudice
685 1173 740 1234 hac
759 1174 795 1234 de
810 1172 1000 1233 Althaemene
1024 1171 1160 1233 Cretensi
1183 1171 1279 1234 fabula
1303 1174 1453 1236 coloniam

274 1291 290 1332 e
315 1272 402 1333 Creta
426 1271 564 1332 Rhodum
591 1271 756 1350 prolectam
778 1271 937 1351 praecipue
962 1269 1112 1330 Camirum
1140 1272 1346 1350 frequentasse
1370 1273 1453 1335 haud

274 1369 402 1430 obscure
427 1368 607 1430 declaratur:
630 1367 660 1427 id
685 1368 764 1447 quod
787 1368 863 1430 hene
888 1367 1075 1448 comprobari
1098 1369 1184 1430 uides
1211 1370 1307 1432 tabula
1331 1371 1453 1451 Apollo-

274 1467 339 1528 dori
359 1465 398 1527 lll
418 1466 447 1549 2,
471 1465 522 1527 ubi
545 1465 581 1526 ab
601 1465 791 1534 Althaemene
815 1469 840 1527 is
863 1467 946 1528 locus
970 1465 1076 1546 Rhodi,
1101 1486 1159 1546 quo
1183 1452 1355 1550 appulisset,
1379 1469 1452 1530 Cre-

273 1567 352 1626 tenia
380 1567 528 1626 nominata
552 1582 617 1624 esse
642 1573 794 1625 narratur:
821 1565 992 1646 προσίσχει
1020 1559 1087 1626 τινὶ
1116 1558 1218 1650 τόπῳ
1234 1564 1293 1646 τῆς
1317 1557 1451 1646 Ῥόδου,

273 1655 446 1744 κατασχὼν
469 1660 666 1744 Κρητηνίαν
688 1651 900 1746 ὠνόμασενλ)
947 1663 980 1722 Si
1002 1665 1094 1742 igitur
1117 1663 1211 1742 liquet
1235 1665 1326 1725 luisse
1351 1665 1452 1726 Rhodi

274 1760 455 1840 Creteniam‚
479 1779 548 1821 cum
571 1758 685 1846 colonia
705 1759 841 1821 Cretensi
864 1779 929 1823 eam
947 1761 1108 1822 cohaerere
1132 1763 1200 1840 quis
1219 1768 1273 1842 est,
1297 1764 1349 1842 qui
1372 1763 1449 1824 diffi-

273 1855 394 1921 teatur?
430 1857 569 1940 Ceterum
592 1857 789 1936 Apollodorus
812 1859 872 1918 nisi
896 1859 972 1937 quod
997 1859 1112 1939 longior
1136 1867 1182 1920 est
1200 1879 1216 1919 a
1235 1859 1363 1922 Diodoro
1388 1881 1450 1923 non

274 1958 420 2018 dissentit.

364 2055 421 2116 Sed
442 2061 543 2136 restat,
562 2062 595 2115 ut
610 2054 650 2125 de,
665 2053 736 2115 loue
756 2053 895 2134 Atabyrio
915 2054 1109 2135 disputemus,
1132 2073 1222 2134 quem
1240 2054 1450 2118 Althaemenes

274 2175 290 2214 e
314 2154 400 2215 Creta
424 2155 454 2213 in
478 2152 605 2214 insulam
629 2144 782 2214 induxisse
806 2171 983 2232 sacrumque
1002 2156 1033 2214 in
1052 2153 1191 2234 Atabyrio
1211 2163 1311 2214 moute
1331 2157 1359 2214 ci
1378 2175 1449 2217 eon-

275 2254 407 2314 stituisse
432 2250 664 2312 existimabatur.
702 2245 800 2331 Atque
822 2269 889 2312 cum
912 2251 1010 2334 heros,
1034 2254 1142 2331 utqui
1167 2250 1276 2336 Camiri
1299 2251 1375 2314 bene
1400 2273 1449 2314 ex·

273 2358 378 2428 ceptus
402 2367 467 2408 esse
491 2349 618 2431 feratur,
649 2347 759 2408 Camiri
782 2349 872 2409 fuerit
894 2352 1047 2430 proprius,
1070 2349 1150 2410 louis
1174 2349 1305 2430 Atabyrii
1328 2370 1448 2432 quoque

273 2447 386 2508 cultum
410 2446 446 2507 ab
469 2446 524 2507 hac
549 2445 623 2506 urbe
646 2445 813 2524 profectum
837 2465 903 2507 esse
927 2447 1033 2508 elucet.
1081 2447 1256 2526 eranquam
1284 2447 1371 2509 breui
1394 2469 1449 2528 per

272 2552 363 2606 totam
387 2543 514 2605 insulam
542 2563 611 2605 eum
640 2563 706 2604 esse
735 2543 943 2624 peruulgatam
972 2547 1061 2606 etiam
1090 2545 1159 2605 inde
1191 2547 1339 2626 sequitur,
1368 2547 1448 2625 qrrod

272 2642 322 2703 uel
345 2644 509 2726 antiquitus
532 2661 548 2702 a
568 2641 682 2702 colonia
700 2641 804 2702 Lindia
823 2642 922 2702 Gelam
943 2651 973 2703 et
991 2643 1061 2703 hinc
1080 2643 1273 2722 Agrigentum
1291 2642 1447 2706 traductus

272 2759 337 2802 esse
361 2733 508 2824 dicitur.⁸)
551 2741 681 2821 Accedit,
705 2741 783 2820 quod
803 2748 883 2802 extat
906 2740 980 2819 lapis
1003 2739 1154 2801 Mineruae
1173 2739 1295 2800 Lindiac
1316 2749 1345 2800 ct
1366 2741 1447 2803 louis

273 2838 404 2918 Atabyrii
427 2832 558 2920 sacer4):
589 2838 669 2899 unde
692 2845 791 2899 tamen
815 2838 875 2900 noli
899 2838 1077 2914 concludere
1101 2837 1184 2899 illum
1209 2837 1322 2900 cultum
1345 2841 1446 2919 primi-

274 2944 323 2996 tus
346 2937 438 2997 luisse
461 2930 639 3020 Lindium.⁵)

360 3033 420 3094 lam
454 3053 526 3095 uero
559 3035 647 3095 deum
681 3054 740 3095 non
769 3034 898 3095 Graecae
926 3053 992 3095 esse
1021 3036 1144 3114 originis
1172 3054 1231 3094 non
1260 3035 1347 3096 modo
1380 3038 1446 3116 ipso

272 3130 404 3211 Atabyrii
426 3135 536 3194 montis
558 3135 691 3214 nomine,
716 3132 767 3193 sed
792 3132 904 3193 scholio
928 3132 965 3192 ad
988 3132 1071 3194 Pind.
1095 3131 1139 3193 ut.
1163 3131 1214 3192 Vll
1239 3127 1335 3212 159⁶)
1358 3133 1445 3213 plane

273 3227 503 3312 demonstratur,
518 3249 577 3309 quo
592 3229 704 3291 scholio
719 3233 749 3290 in
765 3230 885 3310 Atabyri
899 3237 999 3291 monte
1014 3231 1065 3291 illo
1080 3239 1181 3291 tauros
1196 3231 1287 3291 luisse
1302 3229 1446 3310 edoceris,

346 3458 372 3523 1)
392 3455 472 3520 Quod
485 3454 622 3510 Pindarus
636 3455 850 3512 Althaemenem
868 3454 990 3525 ignorat,
1008 3473 1063 3510 non
1083 3455 1177 3510 obstat
1196 3448 1290 3509 nobis:
1310 3453 1356 3508 hic
1372 3453 1446 3508 enirn

272 3535 426 3606 Diagoram
445 3535 588 3592 celebrans
602 3536 744 3608 Ialysium,
764 3556 813 3594 cur
831 3536 924 3592 herois
938 3537 1063 3591 moneret
1078 3533 1244 3590 Camirensis
1258 3551 1314 3588 non
1331 3533 1445 3590 habuit:

271 3620 455 3672 memorasset
476 3617 609 3687 fortasse,
634 3617 658 3673 si
681 3617 808 3674 coloniae
832 3613 954 3686 Argiuae
979 3616 1008 3668 01
1029 3614 1117 3668 totius
1140 3613 1249 3666 insulae
1268 3611 1379 3680 κτιττὴς
1398 3613 1446 3684 qui

273 3697 399 3762 uocatur,
418 3693 617 3753 Altheemenes
636 3700 711 3760 esset
729 3700 851 3768 putatus.
885 3694 925 3749 Cf.
944 3692 1085 3749 Rohdium
1103 3694 1121 3748 1.
1142 3711 1165 3748 0.
1185 3712 1210 3764 p.
1231 3699 1283 3747 432
1303 3712 1329 3746 n.
1350 3701 1373 3749 1.

343 3778 370 3842 2)
390 3775 430 3830 cf.
450 3775 537 3831 eliam
556 3777 595 3831 sl.
615 3778 646 3832 Β.
666 3781 810 3846 Κρητηνλα
828 3773 913 3838 τόπος
927 3770 1039 3841 Ῥόδου,
1065 3769 1096 3828 ἐν
1115 3764 1136 3847 ᾧ
1156 3770 1249 3847 ᾤκουν
1268 3771 1298 3827 ολ
1314 3775 1378 3842 περὶ
1394 3770 1445 3851 Ἀλ-

272 3855 417 3926 θημὲνην·
437 3849 469 3919 ὃς
488 3855 621 3925 χρησθεὶς
640 3848 684 3910 ότι
702 3853 753 3910 τὸν
771 3855 880 3926 πατέρα
895 3851 1055 3924 ἀποκτενεῖ,
1076 3852 1177 3924 ἔφυγε·
1197 3856 1245 3908 καλ
1260 3853 1339 3908 venel
1358 3856 1445 3924 πλοίῳ

272 3935 398 4008 συναντᾷ
421 3931 452 3990 ἕν
472 3931 571 4009 Ῥόδῳ,
599 3935 648 3990 καλ
672 3931 710 3998 ὡς
727 3932 833 4010 incede
859 3937 974 4006 νομίσας
996 3928 1114 4004 ἀναιρεῖ
1135 3929 1185 3988 τόν
1208 3931 1325 4002 πατέρα.
1368 3933 1444 4000 Quae

273 4013 359 4068 uerba
377 4030 411 4068 ex
428 4013 599 4086 Apollodoro
618 4016 720 4070 11011010
738 4032 798 4070 esse
818 4015 900 4070 facile
918 4013 1076 4084 perspicies.

299 4159 300 4162 ρ
343 4097 370 4163 3)
390 4093 430 4149 cf.
450 4094 536 4150 schol.
556 4096 636 4152 Pind.
657 4097 700 4152 01.
714 4095 766 4150 VII
786 4099 844 4150 159.

343 4177 371 4243 4)
391 4173 430 4228 cf.
451 4175 480 4231 C.
500 4175 520 4230 I.
540 4178 642 4231 210311.

344 4255 371 4322 5)
390 4253 533 4310 (1011010011
551 4255 666 4312 Ηο11101.
686 4257 704 4310 l.
725 4272 747 4310 0,
768 4255 807 4310 111
827 4261 868 4312 19.

346 4336 372 4403 6)
392 4331 456 4387 Εἰσὶ
476 4332 508 4388 δὲ
527 4339 632 4404 χαλκαῖ
649 4333 713 4410 βόες
733 4331 780 4390 ἐπὶ
798 4337 836 4408 τῷ
855 4333 916 4406 όρει
934 4335 984 4403 τῆς
1003 4329 1115 4402 Ῥόδου,
1138 4335 1244 4397 αἵτινες
1266 4329 1336 4390 ὅταν
1360 4335 1443 4407 μέλλῃ

271 4434 298 4467 τι
316 4415 349 4484 τῇ
369 4410 449 4468 πόλει
467 4415 618 4484 γίγνεσθαι
637 4412 727 4470 κακὸν
746 4417 899 4486 ponderare.
