3064 4966
721 385 962 449 -114-

176 585 180 592 -
251 547 354 608 cultus
372 547 510 628 florebat3
530 547 564 606 ad
585 547 663 626 quod
683 547 822 627 oppidum
843 551 931 608 etiarn
950 549 1070 609 Pindari
1090 548 1180 608 uerba
1199 541 1432 628 πρεσβύτατόν

254 665 289 706 τε
310 637 464 706 Ἰάλυσον
487 644 642 705 referenda
661 653 763 706 erunt:
787 655 968 725 quapropter
989 645 1067 706 illam
1088 645 1202 723 lahulae
1222 656 1346 728 partem,
1371 665 1431 726 qua

255 743 398 804 Ochimus
430 743 569 802 Achaiam
602 743 768 802 condidisse
802 745 926 822 eiusque
959 761 1083 822 regnum
1117 743 1281 804 obtinuisse
1315 745 1432 805 seratur
1486 801 1490 806 .

255 841 341 919 longe
365 841 458 901 luisse
482 843 716 920 antiquissimam
740 843 934 920 suspicamur.
1234 913 1235 916 Ἴ

342 937 404 1000 Nec
437 958 510 1000 uero
542 957 602 999 non
635 958 692 1017 qua
727 941 776 1000 uia
801 939 850 999 Sol
879 941 909 998 in
938 940 1063 1000 insulam
1097 943 1271 1019 peruenerit
1303 939 1430 1000 forsitan

255 1046 379 1116 cogatur
402 1056 418 1097 e
443 1036 564 1118 scholio,
588 1038 666 1114 quod
691 1045 771 1098 extat
794 1037 830 1096 ad
847 1037 1008 1098 Pindarum
1028 1038 1072 1099 Ol.
1087 1037 1138 1098 Vll
1155 1035 1297 1100 18-19:
1318 1029 1431 1110 Ἀσίας

254 1127 442 1215 εὐρυχόρου
461 1133 614 1215 τρίπολιν
637 1132 745 1195 νόσον
763 1130 864 1208 πέλας
882 1128 1012 1218 ἐμβόλῳ
1032 1136 1190 1208 ναίοντας
1210 1127 1339 1218 Ἀργείᾳ
1363 1127 1432 1196 σὺν

254 1229 364 1314 αἰχμᾷ.
410 1231 453 1292 Ad
477 1232 549 1292 haec
574 1232 664 1292 schol.
684 1229 740 1294 33:
763 1226 832 1292 Kal
854 1224 919 1313 γὰρ
939 1223 1054 1306 Ῥόδος
1077 1224 1217 1315 ἀντικρὺ
1238 1227 1300 1314 μὲν
1322 1240 1430 1294 κεῖται

252 1327 311 1410 τῆς
340 1329 464 1402 Λυκίας
494 1325 548 1391 καὶ
576 1329 732 1410 πλησίον·
761 1327 798 1391 ἐν
826 1329 935 1413 Λυκίᾳ
963 1325 1003 1391 de‘
1028 1327 1096 1392 ἐστι
1123 1323 1220 1404 πόλις
1240 1322 1431 1412 Ἀρόκανὸα

252 1422 457 1508 καλουμένη,
479 1412 519 1508 ἧς
542 1427 684 1508 πλησίου
709 1421 801 1510 ίερόν
822 1449 854 1488 τι
877 1427 1016 1508 χωρίον,
1045 1418 1063 1490 ὃ
1086 1423 1251 1511 πρότερον
1273 1421 1430 1509 μὲνἝμ-

253 1526 352 1604 βολος
371 1520 517 1586 ἐκαλεῖτο
542 1517 598 1585 διὰ
622 1517 685 1605 τὴν
702 1521 801 1587 θέσιν
820 1523 880 1586 τοῦ
898 1526 1032 1606 χωρίου.
1052 1561 1094 1569 -
1115 1521 1183 1587 ἐπεὶ
1203 1512 1267 1588 οὖν
1286 1519 1431 1606 μάλιστα

253 1616 418 1706 ἐντούτῳ
442 1621 486 1708 τῷ
510 1615 600 1706 τόπῳ
623 1616 892 1704 θρησκευτήριόν
915 1618 1005 1685 ἐστιν
1029 1615 1162 1703 Ἡλίου,
1184 1615 1310 1686 Ῥόδιοι
1335 1615 1372 1685 dl
1397 1619 1431 1698 ἐξ

249 1711 378 1782 Ἡλίου·
402 1712 465 1781 διὰ(
481 1718 580 1781 τοῦτο
601 1711 646 1792 [ὃς
665 1719 868 1803 οἰκειοτέραν
886 1716 941 1782 καὶ
959 1719 1243 1804 προσφορωτέρου
1265 1719 1430 1803 μέμνηται

252 1816 314 1880 τοῦ
336 1811 447 1880 τόπου.
487 1818 510 1877 Ε
535 1817 644 1898 quihus
667 1818 770 1879 uerbis
794 1839 861 1880 cum
882 1819 958 1879 Solis
981 1819 1124 1899 templum
1145 1819 1373 1881 celeberrimum
1398 1823 1430 1880 in

254 1935 305 1978 ora
325 1916 427 1977 Cariae
447 1925 550 1976 contra
570 1915 698 1995 Ialysum
722 1919 776 1977 sita
801 1918 892 1978 luisse
912 1918 1023 1999 uideas²
1047 1920 1159 1979 cultum
1185 1918 1232 1978 dei
1255 1937 1310 1998 per
1328 1918 1430 1978 Asiam

252 2014 432 2095 Lydiamque
457 2013 584 2094 Ialysum
607 2015 656 2075 uel
679 2015 817 2076 Achaiam
836 2016 1006 2076 traductum
1030 2035 1095 2076 esse
1120 2019 1221 2076 nescio
1245 2035 1282 2077 an
1306 2017 1428 2077 efficere

253 2113 349 2174 liceat.
387 2113 482 2191 Atque
507 2115 623 2173 etiamsi
645 2113 717 2173 illud
743 2132 861 2175 sacrum
883 2117 1058 2194 posterioris
1083 2114 1201 2175 demum
1229 2133 1294 2175 esse
1314 2118 1430 2197 aetatis,

253 2211 332 2272 unde
357 2209 429 2270 nihil
453 2213 620 2288 argumenti
648 2211 858 2272 adminiculiue
888 2215 982 2291 possit
1010 2215 1136 2293 accersi,
1165 2213 1324 2274 contendat
1347 2216 1429 2292 quis·

252 2311 344 2388 piam,
372 2316 472 2368 tamen
499 2310 531 2367 in
554 2311 693 2387 opinione
718 2327 959 2392 perseueramus,
987 2329 1022 2370 eo
1049 2311 1141 2392 quod,
1170 2330 1238 2372 cum
1262 2310 1428 2371 Phoenices

253 2409 283 2466 in
307 2405 365 2466 illis
388 2403 560 2484 regionibus
582 2406 682 2466 sedem
703 2425 736 2466 ac
756 2407 936 2468 domicilium
956 2407 1116 2468 collocasse
1136 2409 1330 2488 Solymosqne
1350 2429 1375 2470 e.
1390 2429 1427 2489 g.,

240 2513 380 2583 'quorum
401 2503 472 2564 urbs
492 2511 556 2563 erat
574 2503 726 2583 Arycanda
746 2524 761 2565 a
781 2505 937 2566 scholiasta
956 2516 1127 2588 memorata,
1149 2507 1248 2586 lingua
1267 2507 1428 2568 Phoenicia

253 2621 324 2662 usos
348 2621 413 2662 esse
442 2608 572 2682 constet,
600 2601 636 2662 ah
664 2602 710 2662 his
739 2611 772 2663 ut
800 2603 877 2664 Solis
906 2604 1071 2666 cultoribus
1100 2623 1218 2666 sacrum
1252 2605 1323 2666 illud
1357 2625 1427 2666 eon·

253 2703 391 2760 stitutum
417 2717 482 2760 esse
507 2680 592 2760 rralde
617 2703 655 2760 sit
677 2695 900 2784 probandum.1)

820 2981 877 3048 Ε..

642 3126 689 3187 lle
713 3127 875 3191 Minerua
897 3129 1043 3191 Lindia?

342 3265 416 3326 Cum
431 3265 620 3328 Heliadarum
634 3267 731 3330 sabula
746 3273 911 3332 arctissime
927 3274 1085 3334 coniuncta
1100 3281 1199 3334 sunta
1214 3274 1333 3336 Zenone
1349 3293 1425 3354 quae

252 3371 412 3424 narrantur
436 3363 472 3423 de
495 3365 646 3426 llincruae
671 3371 762 3428 sacris
785 3367 871 3429 Lindi
898 3371 1050 3431 institutis.

340 3460 382 3520 Ac
404 3471 524 3540 praeter
547 3461 709 3524 Diodorum
732 3467 871 3546 inspicias
894 3467 1068 3530 Pindarum:
1106 3467 1171 3539 Orto
1199 3478 1347 3552 tempore,
1375 3474 1425 3553 ait,

253 3557 385 3618 Minerua
409 3557 488 3620 louis
512 3563 607 3640 capite
631 3581 646 3620 a
670 3561 800 3622 Vulcano
829 3566 964 3644 perfosso
993 3576 1072 3626 esset
1099 3569 1226 3648 oritura,
1254 3567 1383 3629 Helladis
1408 3589 1423 3628 a

252 3664 335 3735 patre
359 3657 545 3738 imperatum,
570 3668 603 3718 ut
625 3661 713 3738 primi
738 3661 808 3722 deae
834 3663 1033 3724 sacrificantes
1055 3673 1085 3724 ct
1107 3663 1187 3724 illins
1211 3673 1241 3724 et
1259 3663 1339 3726 louis
1363 3669 1423 3726 ani·

252 3771 332 3814 mrum
349 3753 542 3817 oblectarent.
580 3755 618 3816 Et
637 3761 772 3836 quamuis
792 3762 853 3838 igni
871 3764 902 3821 in
917 3761 1066 3840 operando
1086 3781 1145 3821 non
1165 3762 1296 3824 adhibito
1316 3772 1424 3844 tamen,

252 3851 330 3930 quod
350 3851 435 3911 deam
454 3871 509 3932 pro
530 3853 672 3933 religione
692 3875 751 3916 non
772 3867 872 3918 essent
891 3862 1048 3939 aspernati,
1071 3859 1171 3938 pluuia
1191 3879 1279 3921 aurea
1299 3861 1423 3922 donatos

252 3967 318 4008 csse
343 3967 394 4008 eos
418 3967 432 4009 a
457 3949 538 4032 lone,
562 3971 577 4012 a
601 3953 733 4015 Minerua
758 3959 907 4034 accepisse
931 3956 987 4016 hoc
1011 3975 1129 4038 munus,
1152 3968 1186 4019 ut
1209 3975 1297 4020 manu
1317 3967 1347 4019 et
1366 3959 1422 4020 sol-

251 4047 335 4106 lertia
359 4046 409 4107 uel
432 4051 557 4110 maxime
582 4051 769 4113 excellerent

345 4143 406 4205 llac
429 4155 556 4226 utraque
580 4148 676 4210 lahula
701 4159 731 4209 et
749 4150 904 4211 Pindarica
928 4159 957 4211 et
976 4149 1103 4212 Zenonis
1126 4171 1203 4234 cum,
1227 4154 1298 4232 quid
1317 4173 1423 4216 causae

323 4382 350 4449 1)
374 4379 414 4436 Ol.
438 4381 586 4450 losephum
612 4399 634 4438 c.
659 4382 797 4452 Apionem
816 4390 860 4438 22:
890 4361 1015 4455 Σόλυμοι
1038 4379 1165 4454 γλῶσσαν
1193 4386 1245 4458 μὲν
1271 4390 1422 4444 Φοίνισσαν

251 4453 308 4513 dut
333 4457 478 4538 στομάτων
502 4456 644 4531 ἀφιέντες.
682 4461 811 4518 Ceterum
835 4464 884 4518 cfr.
911 4465 1130 4521 Brundisium
1148 4467 1167 4523 l.
1187 4485 1210 4523 c.
1229 4487 1256 4538 p.
1277 4474 1328 4522 273
1347 4487 1374 4523 n.
1394 4476 1418 4526 4.
