3064 4966
564 341 804 404 -111-

92 505 250 564 σθεῖσαν.
300 504 349 564 Sic
373 522 440 564 cum
464 502 606 564 Cehimus
632 535 669 544 -
696 507 714 564 i.
739 523 763 564 e.
792 506 843 581 qui
871 501 936 584 ἔχει
965 505 1027 564 scil.
1055 524 1154 566 arcem
1177 507 1271 584 regio-

92 621 207 681 nesque
243 604 433 662 circumsitas
470 634 511 644 —
552 608 582 660 et
614 599 784 680 Cercaphus
817 599 941 661 Achaiae
974 602 1075 682 oppidi
1108 605 1138 664 iu
1171 612 1270 664 monte

91 702 300 762 munitissimo
332 701 381 760 siti
414 699 584 760 conditores
617 701 833 777 cogitarentur,
870 697 1021 778 Cydippen
1053 700 1103 761 uel
1126 700 1272 780 Cyrbiam

90 797 180 858 filiam
206 797 328 858 Ochimi
351 796 468 875 Cyrben
491 795 597 856 urbem
620 796 699 857 haud
722 797 827 875 procul
850 796 886 856 ab
904 796 1013 857 Achaia
1032 797 1079 857 nel
1099 797 1155 858 snb
1178 800 1272 877 ipsius

91 898 204 956 montis
229 895 391 974 radicibus,
414 897 446 954 in
469 910 533 973 quo·
553 895 670 956 condita
689 901 753 954 erat
770 891 888 974 Achaia,
911 894 1081 956 aedificasse
1101 895 1272 974 tingeretur.

183 1003 363 1081 Quanquam
387 1001 464 1061 hanc
487 1002 523 1061 de
548 1001 677 1081 Cydippa
701 1001 815 1062 tabulae
839 1009 953 1080 partem
973 1020 1032 1061 non
1051 1005 1202 1080 antiquam
1224 1004 1272 1064 uel

94 1119 130 1159 ex
153 1103 256 1180 ipsius
280 1099 382 1180 populi
405 1101 523 1177 iugenio
547 1107 732 1177 procreatam
752 1115 817 1158 esse
837 1101 926 1158 etiam
945 1099 1013 1158 inde
1032 1099 1169 1181 efficitur,
1193 1102 1271 1179 qnod

92 1198 211 1258 iabnlae
242 1201 285 1259 ita
308 1198 484 1277 plerumque
513 1206 697 1276 comparatae
727 1215 792 1256 esse
822 1196 931 1276 solent,
963 1205 997 1257 ut
1024 1197 1161 1258 conditor
1189 1199 1272 1258 urbis

91 1313 203 1356 nomen
233 1297 307 1358 hnic
335 1296 446 1356 tribuat
474 1294 510 1354 ab
539 1297 618 1376 ipso,
646 1313 705 1355 non
729 1293 765 1354 ab
788 1294 836 1354 illa
860 1296 992 1374 accipiat.
1035 1295 1116 1366 Quae
1140 1315 1189 1356 res
1213 1296 1271 1357 Dil-

92 1393 230 1473 theyium
257 1412 377 1473 quoqne
396 1394 594 1453 commouisse
615 1392 747 1474 uidetur,
770 1402 804 1452 ut
825 1391 954 1472 aliquem
979 1395 1106 1454 istorum
1133 1394 1272 1456 κτίσεων

92 1494 290 1574 scriptorum,
314 1511 331 1551 a
355 1508 482 1570 quonam
502 1489 597 1570 Cyrbe
617 1490 689 1550 urbs
709 1491 826 1551 condita
847 1493 893 1571 sit,
917 1490 1119 1570 explorantem
1140 1502 1271 1553 metono-

92 1593 216 1649 masiam
248 1590 327 1650 illam
356 1591 531 1650 ementitum
559 1607 625 1648 esse
653 1584 872 1670 existimaret¹i
915 1588 995 1659 Quae
1027 1593 1163 1669 quamuis
1187 1599 1272 1652 acute

91 1687 297 1766 disputauerit
325 1691 372 1748 uir
400 1687 606 1768 doctissimus,
634 1696 730 1748 tamen
760 1690 937 1767 scriptorem
964 1688 1092 1767 aliquem
1120 1707 1179 1749 non
1204 1698 1273 1770 tam,

93 1803 108 1843 a
124 1804 183 1864 qna
199 1795 305 1865 posset
319 1785 430 1845 celebri
448 1804 575 1864 persona
590 1784 673 1845 urbis
688 1805 796 1846 nomen
815 1785 1008 1865 probabiliter
1027 1790 1131 1868 repeti,
1147 1789 1272 1848 circum-

94 1887 232 1962 spexisse
261 1894 292 1944 et
319 1887 350 1944 in
374 1883 525 1963 Cydippen
540 1883 681 1963 procliui
705 1887 818 1944 ratione
842 1884 995 1964 incidisse,
1023 1903 1112 1964 quam
1136 1885 1272 1964 Cyrbiam

94 1983 251 2061 antiquam
284 1982 451 2062 heroinam,
479 2000 554 2061 qnae
582 1981 698 2061 Cyrbcn
728 1983 918 2042 constituisse
951 1981 1174 2063 perhiberetur,
1204 2001 1273 2043 cum

95 2076 231 2160 Cydippa
255 2082 479 2140 commiscuisse
502 2073 708 2159 putauerim.²)

183 2177 246 2238 lam
270 2197 360 2256 nero,
389 2177 439 2238 nbi
469 2180 654 2257 potissimum
680 2178 757 2238 Solis
785 2180 880 2257 patria
908 2181 947 2238 sit
975 2178 1143 2257 quaerenda
1171 2187 1272 2240 utrum

96 2274 232 2337 Graecus
252 2279 291 2336 sit
309 2277 383 2337 dens
402 2295 438 2336 an
458 2278 645 2336 extrinsecus
664 2279 693 2336 in
714 2276 867 2336 Graeciam
887 2277 1036 2358 inductus,
1058 2279 1083 2336 si
1103 2277 1273 2355 diligentius

96 2377 329 2456 perquisiueris,
357 2376 480 2452 originis
504 2373 654 2434 orientalis
683 2382 727 2435 tot
753 2375 861 2434 indicia
894 2377 1078 2453 uestigiaque
1111 2374 1272 2456 indagabis,

97 2479 131 2531 ut
155 2492 191 2532 ex
217 2475 333 2534 oriente
357 2475 429 2550 quin
452 2471 551 2533 illatus
575 2475 613 2532 sit
637 2471 735 2533 cultus
759 2473 903 2534 dubitatio
927 2475 966 2534 sit
989 2472 1076 2534 nulla.

186 2581 229 2640 Ac
256 2583 386 2658 primum
414 2580 589 2658 praecipuas
620 2579 698 2640 Solis
726 2579 813 2640 sedes
841 2580 932 2640 luisse
961 2581 1102 2659 respicias
1135 2580 1272 2640 Rhodum

97 2684 127 2735 et
146 2675 334 2758 Corinthum,
357 2696 416 2756 quo
436 2685 605 2737 exterarum
628 2680 762 2755 gentium
780 2678 939 2756 religiones
959 2677 1117 2756 cultusque
1136 2679 1272 2739 diuersos

97 2775 276 2836 confluxisse
300 2778 379 2835 inter
403 2794 505 2835 omnes
530 2767 682 2856 constat.³)
728 2775 838 2836 Fabula
867 2785 965 2836 antem
990 2775 1103 2836 Rhodia
1126 2776 1272 2855 permulta

98 2869 197 2954 babet,
222 2873 331 2952 quibus
354 2875 477 2934 orientis
496 2875 698 2934 reminiscaris
717 2883 747 2934 et
765 2873 941 2952 religionum
961 2875 1157 2935 orientalium.
1187 2875 1272 2945 Quod

99 2971 177 3030 enim
204 2970 341 3030 Heliadae
365 2971 540 3048 astrologiae
564 2973 653 3049 periti
676 2972 768 3032 inisse
791 2971 939 3050 horasque
960 2974 1150 3032 cousuluisse
1171 2989 1186 3031 a
1205 2972 1271 3032 iiio-

170 3216 199 3283 1)
220 3213 259 3269 Ci.
283 3215 388 3268 Dilth.
412 3215 452 3268 de
476 3213 607 3269 Callim.
637 3213 713 3284 (lyd.
742 3213 816 3283 Lips.
838 3220 918 3281 1863;
947 3233 972 3284 p.
995 3220 1058 3269 112:
1089 3214 1192 3280 ‘Quare
1216 3233 1272 3270 non

98 3290 153 3347 nisi
167 3293 212 3350 ita
225 3293 409 3363 probabiliter
424 3293 548 3363 expediri
562 3294 667 3363 poterit
679 3295 749 3348 haec
765 3291 976 3350 metonomasia.
1004 3293 1168 3350 Habebatnr
1182 3294 1271 3365 Cyrbo

100 3371 177 3428 urbis
198 3377 339 3428 uestutum
358 3390 460 3429 nomen
478 3372 626 3428 Cretensis.
645 3374 699 3429 hoc
718 3392 735 3428 a
753 3391 810 3442 qua
827 3376 924 3443 posset
943 3373 1046 3428 celebri
1071 3391 1190 3444 persona
1208 3392 1271 3445 pro-

98 3451 233 3508 babiliter
250 3454 341 3523 repeti
360 3471 423 3508 oum
442 3452 670 3522 circumspiceret
687 3455 803 3508 istorum
821 3473 891 3509 unns
909 3455 1027 3508 κτίσεων
1046 3454 1222 3524 scriptorum,
1241 3455 1271 3508 in

99 3530 255 3604 Cydippam
280 3533 391 3588 Ochimi
414 3534 550 3588 Heliadae
575 3533 661 3588 filiam
685 3533 804 3602 procliui
828 3533 936 3590 ratione
955 3534 1063 3590 incidit.
1102 3534 1191 3598 Quam
1210 3551 1270 3589 esse
1323 3593 1325 3598 ,

8 3633 9 3638 ’
99 3610 229 3680 Gyrbiam
252 3615 518 3682 transnominatam,
542 3615 574 3667 ut
592 3613 700 3668 inuenti
719 3616 837 3683 augeret
855 3614 990 3683 speciem,
1015 3617 1125 3668 strenue
1144 3614 1270 3669 iactauit.

100 3691 207 3748 llodcm
225 3695 299 3749 enim
318 3695 370 3749 uili
388 3695 507 3749 artificio
526 3710 726 3762 saepenumero
741 3693 908 3748 nouissimos
927 3695 996 3748 istos
1014 3695 1142 3749 homines
1161 3697 1271 3750 constat

99 3789 163 3829 usos
184 3791 243 3830 esse
262 3792 317 3844 quo
335 3793 380 3830 res
398 3790 585 3844 personasque
605 3773 641 3827 ad
660 3773 828 3828 arbitratum
846 3791 925 3827 sunm
945 3773 1146 3828 conecterent’.

170 3855 199 3923 2)
217 3855 331 3909 Praeter
350 3852 469 3922 Cyrbem
484 3853 623 3908 Rhodiam
640 3853 784 3907 inuenitur
797 3852 980 3922 Pamphyliae
995 3870 1105 3921 qnoque
1119 3853 1186 3908 urbs
1200 3853 1271 3908 eius-

100 3931 162 3988 dem
184 3932 307 3988 ¹nominis
329 3935 365 3988 ab
388 3933 530 3989 Hecataeo
553 3936 710 3990 memorata
733 3951 778 4004 ap.
803 3933 899 4002 Steph.
918 3933 948 3989 B.
969 3951 990 3986 s.
1009 3952 1036 3989 u.
1060 3929 1171 4002 Κύρβη·
1191 3930 1272 3998 πόλις

100 4015 278 4084 Παμφυλίας.
302 4009 451 4075 Ἑκαταῖος
471 4011 503 4068 ἐν
519 4009 599 4089 Ἀσίᾳ,
619 4019 648 4069 et
658 4014 798 4069 Cretensis
808 4013 841 4067 ci.
852 4032 879 4082 p.
892 4019 942 4066 104
952 4031 978 4065 n.
991 4019 1013 4067 1.
1034 4011 1075 4066 De
1083 4012 1270 4082 originatione

101 4094 134 4172 cf.
154 4094 321 4160 Curtium,
339 4112 380 4162 gr.
400 4093 443 4148 Et.
464 4092 491 4148 ii
509 4112 535 4162 p.
557 4100 620 4160 1053
640 4094 726 4148 Dilth.
747 4095 765 4149 1.
785 4111 808 4147 c.
827 4112 854 4162 p.
875 4099 934 4146 112.

171 4177 198 4244 3)
218 4173 344 4229 Corinthi
369 4173 462 4228 Solem
489 4174 615 4228 floruisse
638 4191 693 4228 non
721 4174 812 4227 solnm
840 4173 945 4226 nummi
969 4171 1105 4226 Corinthii
1132 4175 1271 4227 testantur

100 4252 174 4309 haud
194 4254 278 4324 pauci
297 4255 345 4308 sed
365 4253 451 4306 etiam
465 4270 566 4308 nomen
580 4253 744 4323 Heliopolis.
778 4253 870 4319 Quina
903 4252 982 4318 Quod
997 4252 1025 4304 in
1040 4251 1146 4307 Isthmo
1160 4269 1270 4321 quoque

101 4333 145 4389 dei
163 4335 245 4389 istius
264 4351 374 4388 sacrum
392 4333 477 4387 inisse
496 4335 689 4403 comperimus.
723 4334 767 4387 Ad
784 4332 968 4396 haecomnia
986 4331 1020 4387 ci.
1040 4331 1269 4404 Welelrerum,

101 4412 209 4470 (triech.
230 4412 348 4468 Gdtterl.
368 4414 381 4466 I
400 4431 426 4481 p.
446 4418 595 4468 ton-411.
