3064 4966
736 383 775 392 -
826 347 888 410 110
934 382 993 394 -·

270 509 300 566 in
324 506 437 568 Cariam
462 517 492 568 et
515 509 584 568 inde
603 511 633 569 in
655 508 836 570 Thessaliam
859 510 1026 588 proiectum
1046 518 1148 587 postea
1168 509 1295 569 Cnidum
1316 509 1449 569 redeun-

268 614 327 665 tem
351 623 494 684 sacraque
519 606 632 684 Triopii
656 609 861 668 instituentem
886 608 1027 667 lacerent.

355 702 415 762 lam
443 721 516 764 uero
545 706 603 784 eis,
631 723 706 782 quae
734 704 770 764 ad
800 704 1091 784 mythographorum·
1109 707 1314 766 inuentionem
1343 705 1449 764 redire

268 800 409 861 uidentur
432 820 447 860 a
472 800 568 862 lahula
593 805 749 881 separatis,
778 805 908 862 animum
932 802 1070 862 aduertas
1094 803 1129 862 ad
1160 811 1321 863 extremam
1347 802 1449 862 Helia·

267 898 372 958 darum
395 901 604 960 narrationem.
642 898 695 960 Vbi
719 899 792 960 illud
812 909 892 960 certe
912 899 1078 980 miraberis,
1102 901 1181 979 quod
1196 900 1219 958 V
1234 898 1321 979 hl,8
1343 899 1449 960 subito

268 995 379 1074 Cyrbes
403 996 486 1058 urhis
510 1015 618 1058 nomen
643 999 795 1058 inuenitur
820 1015 966 1075 nusquam
985 1006 1053 1058 ante
1073 1007 1352 1058 commemoratum:
1378 994 1449 1058 ἐπι-

265 1085 489 1174 κλυσθεῖσαὴ
513 1087 634 1175 Κύρβη
659 1093 781 1175 ἔρημος
800 1089 939 1174 ἐγένετο.
976 1095 1057 1166 Quae
1077 1097 1133 1156 tuit
1151 1099 1209 1156 ista
1230 1093 1348 1174 Cyrbe‘?
1384 1095 1450 1155 Cur

268 1210 305 1252 ne
329 1192 423 1253 uerbo
447 1191 566 1271 quidem
590 1195 687 1272 attigit
706 1191 853 1260 Diodorus
872 1191 928 1252 hoc
947 1191 1111 1271 oppidum?
1143 1194 1221 1254 Num
1241 1194 1317 1252 sorte
1338 1194 1448 1254 eadem

267 1298 313 1350 est
337 1309 412 1369 quae
436 1300 504 1351 ante
526 1299 651 1352 uocatur
672 1280 808 1369 Ἀχαΐαῗ
846 1290 931 1361 Quod
951 1293 975 1350 si
995 1293 1130 1372 accipias,
1155 1310 1222 1352 cum
1242 1292 1340 1369 aliquo
1361 1300 1449 1352 certe

267 1387 354 1448 modo
378 1389 406 1448 id
431 1388 555 1450 indicari
579 1395 740 1467 oporteret,
763 1389 889 1449 sortasse
913 1391 1099 1450 enuntiatum
1122 1389 1204 1469 illud,
1229 1407 1287 1468 quo
1310 1388 1448 1468 Cydippe

268 1495 381 1547 mutato
411 1489 529 1548 nomine
558 1481 664 1565 Cyrbia
697 1495 901 1565 nuncupatum
934 1505 999 1546 esse
1032 1483 1237 1566 perhibeatur:
1267 1478 1330 1566 τὴν
1362 1479 1449 1566 μετὰ

266 1580 370 1644 ταῦτα
394 1583 549 1664 Κυρβίαν
572 1586 893 1664 μετονομασθεῖσαν,
921 1585 999 1662 quod
1024 1603 1132 1646 nomen
1156 1603 1224 1646 cum
1248 1585 1344 1665 Cyrbe
1368 1586 1449 1646 urbe

269 1682 430 1742 cohaerere
454 1682 531 1743 haud
551 1681 718 1760 negandum
738 1691 792 1760 est,
816 1680 852 1741 ab
876 1682 924 1742 illo
944 1683 1107 1743 uerborum
1127 1703 1205 1744 nexu
1225 1683 1355 1743 solutum
1376 1691 1448 1762 post

267 1782 330 1859 ipsa
354 1780 446 1841 uerba
469 1778 640 1852 κτίσαντες
663 1772 764 1840 πόλιν
784 1770 920 1859 Ἀχαΐαν
943 1780 1104 1860 subiungas
1128 1782 1281 1860 legasque:
1307 1770 1458 1860 Ἀχαΐαν

266 1870 329 1956 τὴν
353 1871 434 1957 μετὰ
453 1875 556 1938 ταῦτα
581 1877 737 1957 Κυρβίαν
762 1877 808 1938 uel
834 1870 975 1956 Κύρβην
999 1882 1319 1957 μετονομασθεῖσαν.

361 1977 398 2036 tr
421 1975 506 2036 ualde
531 1975 727 2036 dubitandum
750 1984 804 2056 est,
828 1993 865 2034 an
888 1978 1008 2034 omnino
1032 1994 1091 2036 non
1116 1976 1223 2056 eadem,
1238 1977 1329 2036 luerit
1349 1976 1448 2055 Cyrbe

268 2080 356 2152 atque
385 2073 505 2155 Achaia,
533 2074 611 2152 quod
641 2073 781 2152 oppidum
805 2075 1036 2133 munitissimum
1065 2074 1157 2133 fuisse
1186 2073 1316 2152 prodidit
1339 2072 1449 2152 Ergias

269 2171 346 2250 apud
375 2171 441 2232 tlth.
465 2170 529 2251 vtlt
557 2190 585 2249 p.
609 2168 716 2251 360133
746 2170 870 2230 Guerini
898 2173 985 2230 enim·
1010 2173 1174 2231 sententiae
1207 2171 1346 2232 lubenter
1376 2171 1447 2232 sub·

269 2271 456 2349 scripserim,
480 2288 567 2347 quem
592 2268 716 2347 protulit
738 2271 768 2328 in
792 2267 882 2347 libro,
910 2270 963 2345 qui
985 2267 1172 2329 inscribitur:
1201 2268 1241 2328 lle
1265 2269 1302 2328 σο
1326 2268 1448 2330 Rhodes

270 2366 354 2428 Paris
380 2364 466 2428 1880
489 2387 517 2446 p.
541 2363 619 2427 334:

360 2460 470 2535 ‘Quont
489 2467 505 2524 a
524 2464 672 2524 identifier
693 2463 801 2524 Achaia
825 2481 895 2522 avec
914 2462 1019 2543 Cyrbe,
1039 2482 1152 2524 comme
1176 2464 1203 2524 le
1222 2483 1351 2545 propose
1371 2468 1447 2526 mais

269 2581 338 2622 avec
366 2581 408 2622 un
435 2564 519 2642 point
547 2562 800 2640 d’interrogation
824 2561 973 2641 toutefois,
996 2559 1050 2623 Mr.
1069 2560 1154 2642 Ross,
1178 2562 1240 2622 cela
1258 2581 1306 2624 me
1331 2563 1446 2624 semble

268 2659 478 2722 inadmissible.
520 2659 558 2722 Et
580 2669 660 2739 post:
689 2659 770 2720 Sile
795 2657 861 2718 ville
885 2658 922 2717 de
950 2657 1045 2737 Cyrhd
1074 2659 1119 2718 lut
1147 2658 1283 2720 desertde
1313 2679 1368 2739 par
1398 2679 1447 2722 ees

268 2757 416 2818 habitants
443 2760 459 2817 a
488 2758 513 2818 la
547 2761 625 2820 suite
658 2757 754 2818 d'une
787 2755 959 2819 inondation
988 2756 1040 2816 des
1070 2775 1143 2816 eeux
1174 2757 1209 2818 de
1238 2758 1264 2817 la
1294 2777 1360 2818 mer
1389 2759 1446 2819 elle

269 2856 366 2916 devait
388 2858 452 2916 etro
475 2875 528 2934 par
552 2856 737 2934 conse'quent
760 2874 813 2915 sur
836 2854 862 2914 la
886 2857 952 2913 cdte
976 2873 1013 2914 eu
1038 2856 1142 2914 niveau
1167 2858 1262 2916 meme
1285 2856 1325 2916 du
1346 2859 1446 2935 rivage

270 2953 367 3014 tendis
396 2972 454 3032 que
482 2972 557 3013 nous
582 2972 687 3014 savons
711 2972 764 3031 par
788 2951 899 3029 Erge'as
922 2951 994 3012 dens
1023 2951 1154 3012 Athenee
1182 2952 1342 3030 qu'rlchaia
1372 2954 1445 3014 e'tait
1525 3003 1527 3026 ,

270 3070 328 3111 une
351 3051 418 3112 ville
442 3052 605 3130 tres-sorte,
629 3070 663 3110 ce
687 3053 738 3128 qui
762 3067 837 3110 nous
860 3057 945 3127 porte
969 3048 1197 3111 naturallement
1215 3053 1231 3109 b
1250 3050 1370 3110 induire
1396 3050 1445 3130 qu’

269 3148 324 3208 elle
349 3149 419 3210 dtait
443 3149 537 3210 situee
562 3167 613 3209 sur
637 3167 696 3209 une
720 3149 847 3208 hauteur
875 3146 911 3206 de
941 3146 1059 3206 ditdcite
1086 3149 1184 3227 acces,
1213 3147 1354 3228 hauteur,
1384 3151 1447 3228 qui,
1526 3141 1527 3192 l

270 3265 344 3308 trous
363 3246 389 3306 le
405 3247 554 3327 repetens,
574 3253 619 3306 est
634 3247 848 3306 certainement
866 3243 893 3302 le
913 3252 995 3302 mont
1013 3243 1196 3304 Phildrdmos
1215 3244 1446 3324 d’aujourd'bui.

269 3343 365 3423 (tyr-bc
394 3345 491 3404 devait
515 3347 577 3405 etre
606 3342 771 3422 &galement
794 3341 867 3400 dans
896 3335 1035 3420 l'lalpsie,
1064 3358 1116 3418 ou,
1143 3360 1221 3419 pour
1245 3345 1344 3402 rnieux
1370 3343 1447 3423 dire,

270 3443 343 3502 dans
366 3442 393 3501 lc
422 3442 539 3502 district
567 3443 618 3520 qui
648 3449 732 3526 recut
759 3438 826 3517 plus
855 3438 919 3498 tard
948 3457 981 3498 ee
1011 3456 1093 3517 nom,
1120 3441 1207 3516 apres
1236 3439 1261 3498 la
1290 3440 1446 3502 fondation
1526 3503 1527 3506 ,

269 3539 427 3621 d'lalysos3
451 3542 524 3600 mais
547 3557 661 3598 comme
686 3545 763 3598 cette
785 3536 849 3595 ville
869 3538 884 3595 ir
904 3551 991 3595 cause
1011 3535 1052 3594 du
1071 3533 1285 3595 ddbordement
1303 3538 1446 3617 rapporte

270 3657 323 3717 par
352 3637 478 3697 Diodore
510 3637 553 3696 lut
581 3633 773 3695 abandonnee
802 3633 854 3692 dos
883 3634 925 3692 les
954 3642 1050 3710 temps
1077 3631 1120 3690 les
1149 3633 1215 3710 plus
1244 3634 1394 3715 reculdes,
1424 3636 1447 3694 il
1525 3645 1527 3722 ζ

269 3736 345 3796 n'est
367 3753 420 3814 pas
444 3735 589 3794 etonnant
613 3731 718 3811 qu'elle
743 3730 813 3790 n'ait
836 3731 1060 3812 laisseleucune
1084 3737 1165 3788 trace
1189 3729 1386 3791 delle-meme
1412 3742 1444 3792 et
1525 3725 1527 3750 ⁴

270 3833 340 3912 qu'il
376 3835 434 3892 soit
461 3834 477 3891 h
505 3851 561 3910 pen
595 3833 665 3910 pres
697 3827 867 3908 impossible
901 3828 937 3887 de
973 3826 1154 3887 determiner
1189 3825 1277 3887 d'une
1310 3831 1446 3890 maniere

269 3933 394 4010 positive
418 3929 651 4008 l’emplacement
675 3925 781 4006 qu'elle
806 3921 962 4004 occupait'‚

358 4026 439 4096 Qtrae
468 4045 536 4088 eum
568 4029 607 4086 ita
637 4027 711 4104 sint,
744 4023 881 4101 equidem
914 4032 981 4083 ante
1014 4015 1094 4101 μετὰ
1125 4019 1228 4080 ταῦτα
1258 4023 1446 4102 neglegentia
1525 4023 1527 4106 J

270 4128 413 4186 omissum
441 4143 506 4185 esse
536 4122 645 4202 aliquid
675 4123 842 4195 statuerim,
871 4139 930 4198 quo
960 4137 1046 4180 causa
1074 4121 1292 4200 contineretur,
1320 4105 1447 4200 p'ropter
1526 4127 1527 4176 t

270 4242 358 4303 qtram
382 4221 511 4302 Cydippe
536 4240 642 4282 nornen
667 4227 810 4299 mutaret,
838 4221 1013 4297 praesertim
1042 4234 1110 4276 cum
1133 4217 1175 4274 sic
1199 4216 1323 4283 ¹demum
1351 4218 1446 4278 uerba

270 4315 359 4402 μετσσ
368 4318 472 4381 ταῦτα
495 4319 631 4399 habeant,
655 4335 713 4397 quc
737 4323 804 4394 apte
828 4316 1004 4376 reserantur.
1052 4312 1156 4372 Scribe
1180 4314 1285 4390 igitur:
1316 4312 1447 4376 Κοσσα-

270 4436 337 4500 atne
359 4411 422 4499 τὴν
441 4409 583 4500 Κύρβην
605 4413 765 4477 κτίσασαν
788 4406 843 4473 καὶ
867 4405 948 4493 μετὰ
969 4408 1073 4474 ταῦτα
1088 4406 1243 4488 Κυρβίαν
1263 4429 1446 4491 μετονομα-
