3064 4966
731 292 974 356 -122-

265 449 361 512 tribus
382 451 577 534 Doriensium,
601 457 652 533 qui
676 455 754 516 aliud
775 454 956 516 domicilium
974 465 1120 538 peterent,
1143 457 1278 538 partibus
1297 465 1444 518 accurate

265 552 408 628 separatis
430 550 584 630 particulis
608 545 669 632 μὲν
695 547 733 595 -’-
760 545 798 614 dl
825 585 861 595 -
888 545 934 614 dl.

353 648 443 728 Atqui
461 651 589 710 immane
612 659 754 730 quantum
774 637 957 731 discrepata
977 651 1122 713 Strabone
1141 653 1189 714 uel
1208 653 1327 732 Ephoro
1347 651 1444 738 Zeno,

264 763 323 824 quo
347 757 467 808 auctore
486 747 708 810 Althaemenem
733 749 904 810 Cretensem
924 748 1023 810 Geirei
1046 750 1138 810 filium
1158 751 1306 812 Camirum
1330 750 1446 831 abisse,

263 841 483 924 louisAtabyrii
498 865 615 907 sacrum
631 846 808 928 condidisse,
817 849 911 926 patris
926 847 1036 927 abipso
1052 851 1149 910 necati
1162 868 1297 910 maerore
1312 851 1445 929 perisse,

264 941 300 1001 ab
328 942 434 1002 incolis
462 943 590 1005 heroicis
619 945 782 1006 honoribus
806 945 919 1007 cultum
943 964 1008 1006 osse
1032 945 1081 1006 uel
1105 963 1194 1024 supra
1222 947 1444 1006 enarrauimus.

353 1041 504 1122 Tanquam
520 1043 645 1103 mediam
659 1045 739 1104 iuter
753 1051 914 1123 utrumque
933 1045 1110 1122 scriptorem
1129 1051 1211 1104 tenet
1229 1047 1306 1104 uiam
1322 1043 1444 1124 Conon,

264 1140 315 1216 qui
339 1157 417 1199 narr.
441 1136 484 1200 47
508 1139 580 1201 haec
609 1141 671 1200 iere
700 1140 832 1202 exhibet:
859 1141 1094 1222 Althaemenem,
1122 1144 1240 1203 tertiam
1265 1161 1280 1202 a
1304 1141 1443 1202 Temeno

262 1235 391 1318 prolem,
419 1237 563 1298 seditione
593 1239 668 1298 iacta
696 1257 765 1298 cum
792 1245 889 1300 mauu
909 1240 1046 1301 Doriensi
1070 1249 1100 1302 et
1128 1241 1278 1301 nonnullis
1302 1239 1442 1320 Pelasgis

263 1333 468 1412 Peloponneso
491 1335 635 1396 excedere
659 1338 849 1398 constituisse
874 1357 933 1416 quo
957 1346 1091 1418 tempore
1111 1347 1141 1400 et
1159 1338 1355 1399 Athenienses
1379 1338 1442 1398 Ne·
1522 1421 1523 1424 Ἴ

262 1430 308 1490 iao
318 1425 341 1512 ¹)
357 1429 551 1510 Codridisque
568 1432 694 1499 dercibus
709 1434 854 1494 coloniam
868 1437 1020 1498 mitterent
1036 1447 1066 1497 et
1074 1437 1299 1498 Lacedaemonii
1314 1435 1443 1497 colonos

262 1527 446 1590 deducerent
468 1529 573 1610 Delphi
596 1531 766 1611 Pelidisque
790 1533 881 1594 ductu
905 1541 935 1598 et
958 1529 1148 1616 auspiciisl)v
1173 1532 1287 1604 Quibus
1311 1533 1442 1594 coloniis

263 1636 295 1688 ut
323 1637 489 1710 praeesset,
517 1632 653 1708 quamuis
677 1631 712 1691 ab
741 1633 876 1710 utrisque
904 1634 1063 1693 inuitatum
1087 1631 1309 1718 Althaemenem
1336 1639 1441 1695 mmeu

261 1726 382 1786 oraculo
406 1735 528 1806 accepto
553 1736 586 1788 ut
609 1736 639 1788 et
662 1727 698 1788 ad
721 1728 823 1789 Iouem
847 1737 877 1790 et
900 1729 936 1790 ad
961 1729 1058 1790 Solem
1085 1731 1239 1808 narrigaret
1260 1731 1291 1788 iu
1316 1727 1441 1789 Cretam

261 1825 404 1902 migrasse
428 1823 529 1903 ibique
553 1834 637 1906 parte
661 1845 784 1888 suorum
807 1827 911 1888 relicta
934 1829 1032 1906 ipsum
1056 1827 1194 1888 Rhodum
1217 1829 1317 1887 inisse.
1356 1827 1440 1886 Rho-

261 1921 331 1983 dum
347 1929 447 1982 autem
460 1925 589 2002 primum
606 1923 642 1984 ab
657 1925 813 2006 indigenis,
823 1943 950 2004 quorum
966 1943 1092 2004 reguum
1106 1927 1273 1985 tenuissent
1286 1923 1441 2006 Heliadae,

260 2019 416 2082 incultam:
445 2038 519 2099 quos
546 2039 563 2080 a
590 2020 788 2082 Phoenicibus
817 2041 883 2083 esse
911 2022 1050 2102 expulsos
1079 2031 1167 2101 atque
1198 2022 1244 2082 his
1273 2023 1377 2082 eiectis
1407 2032 1441 2082 et

260 2117 440 2199 propulsatis
465 2118 554 2178 Cares
582 2122 734 2198 regionem
763 2123 957 2200 occupauisse
984 2120 1114 2200 aliasque
1141 2129 1296 2200 praeterea
1321 2121 1440 2180 insulas

261 2218 291 2276 in
311 2216 425 2294 Aegaeo
449 2219 524 2277 mari
547 2219 627 2278 sitas.
673 2217 833 2278 Dorienses
856 2237 929 2279 uero
954 2218 1078 2280 Caribus
1103 2217 1233 2292 subactis
1257 2227 1319 2278 tres
1343 2217 1439 2279 urbes

261 2314 442 2375 condidisse:
470 2313 611 2396 Lindum,
643 2315 783 2396 Ialysum,
816 2316 978 2398 Camirum3
1009 2336 1025 2377 a
1055 2316 1164 2395 quibus
1196 2325 1315 2394 postera
1339 2324 1439 2376 aetate

260 2411 398 2472 Rhodum
421 2411 526 2472 urbem
551 2411 804 2492 opulentissimam
829 2413 1009 2476 aedificatam
1033 2433 1108 2474 esse.

336 2508 403 2570 uis
431 2512 573 2588 expositis
601 2513 658 2571 iam
687 2511 841 2572 uideamus
869 2512 940 2590 quid
964 2513 999 2572 de
1024 2511 1207 2590 singularum
1230 2513 1439 2574 narrationum
1511 2587 1517 2606 Ι

260 2609 437 2668 auctoritate
467 2606 657 2669 iudicandum
681 2611 737 2676 sit.
783 2609 879 2688 Atque
912 2609 1062 2670 Heiiterus
1094 2609 1212 2688 quidem
1236 2609 1254 2670 l.
1279 2629 1303 2670 c.
1327 2608 1368 2668 ΙΙΙ
1393 2608 1436 2672 81
1514 2645 1515 2652 ι

235 2785 237 2789 ι
260 2705 388 2766 Zenonis
412 2714 442 2766 et
466 2703 593 2766 Cononis
617 2705 730 2768 fabulas
753 2709 793 2768 ita
813 2709 984 2768 consociare
1004 2706 1127 2788 studuit,
1151 2716 1184 2768 ut
1202 2707 1438 2788 Althaemenem,

260 2803 296 2864 de
325 2821 384 2882 quo
413 2803 527 2864 diceret
549 2803 697 2865 Diodorus
725 2805 774 2865 uel
802 2804 894 2884 Zeno,
922 2804 1050 2864 eundem
1073 2803 1144 2866 'esse
1173 2814 1318 2866 statueret
1345 2813 1437 2884 atque

260 2901 339 2962 hunc
363 2920 378 2960 a
403 2900 522 2962 Conone
550 2905 708 2963 memoriae
737 2902 921 2982 mandatum3
949 2901 1031 2962 illum
1060 2921 1133 2963 uero
1162 2902 1198 2962 ab
1226 2905 1299 2982 ipsis
1327 2903 1437 2964 incolis

260 3016 326 3058 esse
350 3000 518 3058 confictum.
564 2999 660 3078 Atque
690 2999 951 3062 Schneidorwirth.
975 3001 992 3060 l.
1017 3020 1041 3060 c.
1065 3020 1093 3078 p.
1117 2997 1181 3060 211
1206 3019 1234 3060 u.
1260 2999 1277 3061 7
1303 3000 1438 3062 Cononis

261 3095 511 3156 narratiunculam
540 3099 659 3158 omniuo
689 3106 721 3158 ut
753 3097 924 3158 historicam
956 3117 1010 3158 nec
1043 3097 1100 3158 lide
1132 3097 1283 3176 indiguam
1312 3097 1438 3159 uidetur
1525 3087 1527 3132 ³

159 3219 161 3224 ·
260 3192 400 3274 probare,
433 3212 501 3254 crim
528 3212 621 3254 uuum
650 3194 870 3256 Althaemenem
899 3213 1026 3272 eumque
1054 3194 1196 3273 Argiuum
1227 3195 1438 3273 accipiendum
1525 3189 1527 3250 ἒ

261 3309 326 3351 esse
351 3291 519 3370 contendat,
544 3293 595 3370 qui
617 3293 791 3371 priusquam
811 3292 948 3353 Rhodum
971 3294 1168 3372 peruenisset,
1191 3294 1222 3352 iu
1241 3291 1359 3352 Cretam
1384 3293 1438 3354 de·
1526 3301 1527 3336 ³

260 3390 414 3450 uertisset:
443 3389 591 3466 quomodo
615 3390 699 3450 facile
724 3392 787 3450 heri
810 3391 957 3470 potuisse,
985 3399 1019 3448 ut
1042 3389 1131 3448 heros
1157 3391 1338 3467 cogitaretur
1363 3388 1435 3450 Cre·

261 3489 362 3584 tensis.
408 3487 510 3566 Neque
535 3489 602 3568 plus
625 3489 747 3548 honoris
776 3485 1078 3548 iabrrlae.Camirensi
1106 3483 1211 3544 tribuit
1234 3484 1352 3567 Rohde,
1382 3490 1438 3566 qui

332 3659 358 3728 1)
377 3657 454 3710 Idem
474 3660 518 3712 est
535 3661 620 3728 atque
639 3654 752 3726 Νηλεὺς
775 3658 823 3724 qui
845 3655 1001 3712 condidisse
1020 3653 1107 3708 fertur
1125 3653 1254 3708 Miletum
1273 3673 1319 3724 ap.
1340 3657 1436 3712 Shrah.

260 3737 333 3790 XIV'
344 3756 371 3807 p.
392 3733 595 3804 633,,Νειλει“ις
613 3755 658 3806 ap.
678 3739 759 3792 Pauo.
778 3737 831 3790 VII
850 3743 874 3790 2.

330 3813 357 3888 2)
376 3817 418 3872 De
435 3817 480 3871 his
499 3817 533 3871 cf.
553 3816 655 3872 Conon.
675 3834 748 3873 narr.
768 3823 815 3870 36:
835 3813 880 3877 ‘sae
899 3810 1054 3882 Φιλάνορος
1073 3808 1087 3866 d
1108 3810 1289 3882 Σπαρτιάτης
1307 3811 1438 3884 προδοὺς

258 3897 460 3966 Λακεδαίμονα
485 3897 624 3966 Δωριεῦσι
647 3895 739 3965 δωρον
764 3894 822 3966 ἔχει
842 3889 987 3964 Ἀ’μιλιιλας,
1014 3892 1062 3946 καὶ
1091 3894 1241 3958 σννοιιιίζει
1270 3891 1378 3963 ταύτην
1404 3893 1435 3963 ἐξ

252 3974 365 4047 Ἴμβρον
389 3975 436 4030 καὶ
460 3973 583 4047 Λήμνου.
617 3977 693 4046 τρίτῃ
714 3975 745 4030 δὲ
765 3975 850 4046 γενεᾷ
869 3968 1069 4034 στασιάσαντες
1087 3968 1157 4041 πρὸς
1177 3973 1306 4042 Δωριέας
1330 3995 1435 4044 μεταν-

258 4060 386 4112 ίστανται
413 4055 561 4127 Ἀμνιλῶν,
590 4048 858 4126 συμπαραλαβόντες
881 4051 913 4108 δὲ
940 4053 991 4106 καί
1016 4071 1094 4114 τινας
1131 4053 1320 4121 Σπαρτιατῶν
1347 4050 1437 4124 ἡγου-

259 4134 352 4206 μένων
376 4130 475 4199 advoca
497 4133 619 4198 Πόλιδος
641 4135 690 4190 καὶ
718 4134 833 4203 Δελφοῦ
857 4130 957 4187 ἔπλεον
986 4127 1033 4184 ἔπλ
1055 4131 1106 4200 τῆς
1126 4128 1237 4201 Κρήτης
1260 4138 1316 4187 ιιτλ.
1354 4135 1436 4192 Duos

259 4215 347 4287 igitur
365 4217 452 4272 habes
470 4213 606 4283 clusereia,
632 4232 749 4284 quorum
767 4214 840 4268 alter
858 4211 1054 4266 auctoritatem
1074 4211 1180 4266 oraculi
1197 4212 1341 4282 Delphici,
1361 4215 1437 4270 alter

258 4296 351 4366 ipsam
366 4295 513 4351 ciuitatem
527 4295 573 4350 uel
587 4294 708 4364 patriam
724 4293 849 4348 coloniae
863 4295 998 4360 tanquam
1010 4289 1163 4360 exprimere
1178 4292 1207 4344 ei
1220 4293 1436 4360 repraesentare

258 4376 378 4432 uidebor.
