3064 4966
568 325 804 390 -125-

6 527 7 532 1
91 497 148 574 qni
173 513 243 555 cum
266 494 380 554 ciuitati
403 510 453 570 res
476 489 618 550 aduersae
638 490 837 566 imminerent,
860 489 1066 564 mugiuissent.
1103 487 1199 565 Atque
1219 485 1271 548 lsi·

5 593 7 654 J
90 611 193 672 gorius
209 590 380 652 Nicaeensis
395 607 439 668 ap.
456 585 597 667 Cyrlllum
612 603 637 646 c.
651 584 704 646 lul.
718 584 735 645 l.
750 582 791 644 lll
805 601 898 644 uinum
914 593 1125 645 commemorat
1141 593 1270 665 tacitum,

5 683 6 688 ’
91 693 149 770 qui
174 690 299 750 rationis
322 686 467 748 humanae
492 705 551 747 non
575 685 667 745 luerit
690 675 833 764 expers.¹)

187 785 226 847 Hi
258 786 351 846 boues
384 785 550 845 certissima
582 789 652 842 sunt
684 783 767 860 signa
795 780 894 841 cultus
924 779 1076 840 Phoenicii
1107 779 1187 842 illius
1215 780 1272 862 dei,

91 905 187 966 quem
213 885 317 946 dicunt
335 883 440 944 Graeci
460 874 606 963 Κρόνον,
629 882 715 942 cuius
734 878 925 940 simulacrum
948 877 1035 938 bouis
1058 878 1152 940 lorma
1172 879 1273 958 effingi

4 1013 6 1038 r
111 983 222 1044 olebat.

4 1071 5 1076 ¹
92 1003 109 1045 S
189 1083 285 1160 Atque
309 1079 373 1140 lieri
397 1079 516 1158 quidem
540 1079 646 1157 potuit,
670 1084 703 1136 ut
725 1075 773 1135 hic
797 1074 895 1136 cultus
919 1074 1042 1136 eCreta
1066 1074 1203 1136 Rhodum
1227 1077 1269 1136 in-

4 1233 5 1236 ,
92 1179 270 1256 duceretur,
294 1179 403 1256 quippe
427 1176 479 1237 ubi
502 1174 630 1237 eundem
653 1177 683 1233 iu
707 1172 780 1232 ilore
804 1173 896 1234 luisse
915 1172 1040 1233 docetur
1063 1174 1151 1234 etium
1175 1172 1272 1234 labula

4 1271 5 1286 ³
92 1277 133 1338 ab
159 1275 336 1356 Apollodoro
361 1282 489 1355 seruata,
513 1293 570 1353 qua
592 1273 680 1334 Telos
704 1275 751 1334 uir
774 1288 884 1332 aeneus
903 1270 952 1330 uel
975 1277 1080 1332 taurus
1099 1279 1145 1332 ter
1164 1270 1272 1332 cotidie

3 1361 5 1434 ἑ
63 1386 65 1392 ’
91 1374 227 1436 insulam
259 1375 444 1434 circumiisse
475 1381 505 1432 et
533 1371 731 1432 custodiuisse
764 1367 985 1449 perhibebatur.
1032 1367 1137 1429 Graeci
1165 1376 1272 1447 autem,

92 1472 151 1533 uhi
167 1471 303 1532 Rhodum
321 1477 480 1550 uenerunt,
498 1469 626 1530 eundem
644 1468 727 1528 illum
747 1467 835 1527 deum
854 1475 1041 1546 agnouerunt
1063 1475 1151 1546 atque
1171 1467 1272 1528 leuem

3 1625 5 1638 ,
94 1587 189 1630 suum
222 1566 473 1647 nominaruntque
503 1557 571 1628 Διὰ
600 1557 806 1645 Ἀταβύριον.
856 1563 995 1625 Ceterum
1028 1564 1105 1626 bene
1138 1557 1274 1627 Stirlrius

93 1667 112 1728 1.
131 1686 158 1727 c.
182 1686 211 1746 p.
226 1663 300 1746 296,
324 1685 391 1727 cum
415 1666 666 1744 propinquitatem
691 1662 817 1742 aliquam
842 1680 907 1723 esse
933 1672 1049 1724 moneat
1072 1662 1170 1724 cultus
1193 1663 1273 1726 louis

2 1749 3 1812 ἶ
93 1763 232 1843 Atabyrii
248 1797 288 1805 -
303 1771 338 1824 ut
357 1756 499 1842 ἄκραίον
522 1760 572 1823 uel
595 1755 755 1842 inceptor)
769 1769 857 1820 —et
875 1759 1102 1822 Philistaeorum
1121 1760 1274 1840 religionis

2 1845 3 1858 ¹
94 1870 128 1946 et
154 1864 231 1922 ritus
255 1860 327 1922 deos
350 1864 380 1922 in
404 1862 528 1921 summis
551 1858 703 1920 montibus
726 1857 950 1939 celebrantium.

670 2059 711 2124 H.

474 2190 520 2250 lle
548 2187 756 2267 Tlepolemo
783 2158 901 2249 heroe.

1 2387 3 2417 ,
190 2331 455 2410 Transgrediemur
484 2334 542 2392 iam
569 2329 603 2391 ad
628 2349 675 2412 ea,
704 2349 779 2410 quae
807 2329 843 2390 de
868 2329 1037 2408 Tlepolemo
1066 2335 1275 2412 comperimus,

1 2433 2 2514 J
95 2432 197 2508 Atque
227 2447 295 2489 cum
323 2429 444 2490 Diodori
472 2432 640 2490 narratione
673 2431 703 2488 in
736 2431 912 2489 uniuersum
940 2431 1088 2490 consentit
1120 2430 1276 2514 Pindarus,

1 2537 2 2548 ¹
96 2536 310 2608 praeterquam
335 2528 414 2607 quod
434 2527 637 2608 Tlepolemum
657 2545 693 2587 er
712 2526 886 2606 Astydamea
905 2526 1164 2606 Amyntoridarum
1187 2538 1275 2608 gente

1 2606 2 2672 i
99 2635 172 2686 nata
201 2637 391 2706 procreatum
418 2645 484 2688 esse
512 2619 624 2707 additi)
649 2633 678 2686 et
700 2624 884 2704 Licymnium
909 2625 986 2685 oliua
1010 2624 1046 2685 ab
1069 2624 1160 2686 heroe
1184 2629 1276 2688 inter·

1 2739 2 2806 J
51 2713 64 2732 ⁶
99 2724 215 2784 lectum
244 2741 309 2784 esse
337 2724 409 2786 dicit
436 2727 525 2786 irato:
554 2721 690 2784 ἔκτανεν
714 2756 755 2764 -
779 2716 977 2804 potestatui)
1022 2722 1075 2783 His
1102 2733 1202 2803 putem
1225 2743 1275 2788 au·

1 2843 2 2882 3
96 2819 236 2881 ctoribus
260 2823 347 2880 etiarn
372 2825 567 2883 uetustiorem
592 2818 732 2882 adhibeas
752 2819 873 2881 Homeri
897 2819 1038 2900 fabulam:
1062 2840 1118 2900 qua
1143 2821 1276 2903 Tlepole-

98 3036 157 3096 per
182 3035 262 3075 nrare
286 3018 540 3078 circumiectatum
564 3017 693 3094 denique
713 3015 849 3077 Rhodum
872 3018 1047 3095 peruenisse
1070 3035 1200 3096 suosque
1225 3021 1276 3078 tri·

98 3116 213 3194 partito
242 3116 272 3173 in
301 3113 428 3174 insulam
456 3113 644 3176 distribuisse
678 3121 824 3174 narratur.
870 3111 1009 3173 Ceterum
1042 3131 1058 3172 a
1091 3113 1161 3174 lone
1193 3114 1275 3175 illurn

98 3211 243 3272 dilectum
275 3211 425 3292 longisque
459 3213 572 3276 diuitiis
606 3230 671 3274 esse
704 3211 852 3273 donatum.
904 3209 946 3270 ct.
975 3209 1006 3271 ll.
1029 3209 1061 3272 B.
1087 3207 1276 3274 cua—670.

176 3385 202 3452 1)
221 3382 340 3454 Scripsit
358 3384 434 3440 enim
446 3379 572 3448 ’Άιιιστας
591 3382 624 3438 cs.
644 3383 810 3438 Muellerum
828 3381 858 3436 T.
873 3381 906 3436 Η.
923 3381 955 3435 G.
971 3381 1010 3436 IV
1023 3399 1051 3451 p.
1066 3387 1131 3436 435:
1148 3377 1278 3451 Ἰσίγονος

99 3458 115 3517 ὁ
138 3458 269 3528 Κιττιεὺς
288 3467 380 3534 (teser.
397 3458 546 3530 Νικαιεὺς)
567 3457 598 3516 ἐν
614 3459 701 3534 Ῥόδῳ
715 3463 749 3532 τῇ
764 3457 839 3534 νήσῳ
854 3458 904 3516 τὸν
917 3461 967 3515 τοῦ
984 3460 1053 3523 Διὸς
1068 3458 1175 3530 ταῦρόν
1190 3480 1277 3532 φησιν

1 3615 2 3618 ¹
100 3538 156 3598 ouis
174 3538 326 3614 ἆμοιρῆσιιι
344 3539 430 3612 λόγον
449 3541 498 3596 τοῦ
519 3535 591 3595 καθ’
611 3537 701 3612 Apule,¹
732 3542 807 3597 Satis
829 3543 901 3596 mira
924 3542 1065 3598 sententia
1083 3542 1201 3597 Hcffteri
1224 3545 1276 3611 est,

100 3623 153 3693 qui
171 3623 232 3678 Ioui
250 3626 282 3676 ut
301 3623 488 3695 agriculturae
506 3625 627 3692 patrono
646 3638 679 3676 ac
697 3622 821 3692 praesidi
840 3621 888 3676 Ati
906 3621 1019 3694 γεωργῷ
1039 3653 1072 3660 -
1092 3623 1184 3692 qualis
1203 3623 1276 3680 eole-

102 3704 189 3758 batur
207 3703 243 3777 ab
262 3702 480 3758 Atheniensibus
500 3733 542 3770 -,
562 3702 597 3755 ab
616 3701 748 3771 agricolis
767 3702 832 3757 illos
851 3700 994 3756 dedicatos
1013 3717 1074 3756 esse
1093 3705 1195 3758 censet.

106 3836 109 3844 ,
176 3786 203 3853 2)
222 3783 361 3839 Hesiodus
379 3782 447 3837 item
466 3784 498 3836 ut
516 3781 654 3837 Pindarus
673 3781 861 3852 Astydameac
879 3779 969 3835 filium
988 3798 1052 3836 eum
1070 3780 1152 3851 dicit,
1176 3782 1277 3839 Phere-

103 3862 191 3933 cydes
209 3865 396 3936 Astygcnece.
428 3860 501 3917 Filia
518 3863 588 3918 haec
606 3861 662 3916 fuit
679 3861 840 3932 Phylautis3
859 3861 892 3916 cf.
912 3862 998 3917 schol.
1013 3861 1092 3916 Pind.
1109 3862 1151 3916 Ol.
1167 3861 1219 3918 Vll
1233 3870 1276 3920 ta.

178 3946 205 4014 3)
226 3943 372 4010 Quomodo
390 3941 551 4012 Licymnius
571 3943 680 3997 occisus
700 3943 737 3997 sit
751 3944 849 4010 etqua
863 3942 897 3997 de
912 3959 997 3998 causa
1011 3941 1095 3996 etiam
1111 3942 1278 4014 scholiastae

1 4043 2 4048 ¹
101 4020 221 4076 Pindari
238 4021 419 4078 dissentiunt.
451 4021 646 4091 Antiquiorem
665 4022 778 4078 fabulae
796 4023 916 4078 formam
934 4020 1111 4076 Pindaricum
1129 4039 1191 4078 esse
1205 4023 1279 4080 effici

1 4109 2 4146 ἰ
102 4101 217 4156 uidetur
235 4119 299 4156 cum
319 4119 353 4157 ex
371 4103 464 4157 aetate
478 4101 602 4171 Pindari,
621 4121 677 4172 quo
692 4119 796 4171 omnes,
814 4102 864 4172 qui
877 4103 935 4158 aliu
949 4101 1090 4166 exhibent,
1108 4103 1278 4158 recentiores

103 4183 183 4249 sunt,
205 4183 265 4236 tum
289 4181 367 4248 inde,
392 4181 467 4251 quod
485 4181 571 4238 ,facile
595 4184 632 4239 ad
654 4185 768 4239 heroem
792 4184 896 4239 scelere
919 4183 1095 4254 purgandum
1119 4201 1163 4238 res
1186 4185 1279 4256 potuit

1 4322 2 4328 ἵ
103 4261 215 4316 mutari.
244 4263 347 4330 Atque
366 4261 484 4316 inuitum
504 4262 681 4334 Licymnium
699 4266 830 4320 necatum
849 4281 923 4333 esse,
941 4263 1116 4319 tradiderunt
1134 4264 1231 4320 Diniae
1250 4267 1279 4320 et

104 4341 262 4411 Dercyllus,
279 4340 311 4394 id
331 4341 405 4409 quod
424 4341 532 4398 doceris
551 4361 568 4397 a
587 4344 741 4399 scholiasta
758 4343 885 4400 Pindari:
911 4341 941 4399 oi
957 4341 988 4398 cll
1008 4343 1072 4411 περὶ
1093 4345 1211 4398 Δεινίαν
1229 4344 1278 4399 sul

1 4433 2 4498 ᾗ
105 4418 270 4492 Δέρκυλλόν
290 4439 378 4491 φασιν
396 4417 446 4476 τὸν
465 4419 556 4492 φόνον
574 4419 711 4480 ἀκούσιον
729 4423 875 4496 γενέσθαι.
903 4424 949 4480 cf.
969 4424 1055 4481 schol.
1076 4423 1118 4480 Ol.
1137 4423 1189 4480 Vll
1207 4430 1251 4483 49.
