3064 4966
554 385 613 395 ‚..
663 347 725 412 109
770 383 816 392 —

93 509 218 596 ἀληθῆ
242 507 359 594 λόγον,
383 531 470 574 causa
494 521 552 592 cst,
577 511 656 589 quod
679 513 743 589 ipse
767 509 878 568 Zenoni
905 510 1079 568 assentitur:
1117 507 1198 568 Vnde
1222 511 1279 568 iam

98 615 258 675 Zenonem
287 612 363 693 apud
393 611 465 671 alios
488 609 563 670 hanc
588 608 702 669 lahulae
727 609 852 668 sormam
875 606 992 686 qualem
1020 605 1099 688 edat,
1127 608 1279 666 inuenisse

100 731 168 774 non
192 715 291 791 ipsum
316 710 498 787 excogitasse
523 716 605 768 certo
629 706 709 766 ellici
732 707 856 784 cogique
880 712 986 784 potest.

195 809 289 870 Porro
318 807 373 868 alia
402 824 520 885 quoque
548 805 603 866 tihi
632 812 792 865 occurrent
819 802 947 864 fabulam
972 801 1146 864 lliodoream
1171 805 1279 864 exami-

98 911 199 989 nanti,
223 926 298 986 quae
323 908 394 966 satis
418 923 567 984 superque
592 903 672 962 docti
694 903 804 979 ingenii
828 903 1032 962 inuentiouem
1056 901 1217 962 redoleant.

196 1005 308 1085 Veluti,
341 1021 408 1064 cum
441 1002 558 1080 'lenage
590 1000 749 1060 interiecto
781 999 918 1059 Heliades
947 998 1035 1059 alium
1068 999 1124 1059 alio
1158 1000 1278 1082 fugisse,

101 1107 246 1166 Actinem
269 1121 342 1162 uero
366 1101 530 1179 Aegyptum
554 1100 696 1178 petiuisse
721 1106 751 1157 et
769 1096 935 1176 Heliopolin
955 1097 1123 1158 condidisse
1143 1098 1279 1178 Aegypti·

101 1221 203 1282 osque
228 1200 386 1278 astrologia
409 1197 566 1278 imbuisse;
594 1204 662 1275 post
685 1204 783 1258 autem
807 1195 966 1275 Aegyptios
990 1195 1175 1275 disciplinam
1202 1196 1280 1256 illam

100 1301 165 1364 sihi
190 1284 357 1360 uindicasse
381 1306 411 1357 et
434 1297 571 1374 quamuis
599 1293 634 1354 ab
662 1294 766 1354 hctine
795 1293 909 1354 Rhodio
938 1295 1102 1354 instructos
1129 1297 1280 1355 inuenisse

103 1417 177 1460 sese
200 1400 325 1458 iactasse
348 1397 493 1474 scriptum
513 1393 623 1473 uideas,
647 1392 719 1452 haec
739 1393 892 1453 doctarum
913 1391 1137 1452 conclusionum
1157 1395 1280 1472 uestigia

102 1504 180 1560 sunt
203 1497 274 1556 satis
297 1512 444 1574 expressa.
486 1486 588 1569 ltaque
612 1509 807 1569 quaecuuque
832 1499 991 1551 narrantur
1014 1490 1083 1550 iude
1107 1509 1122 1550 a
1147 1489 1167 1566 ξ
1192 1487 1280 1551 3-5

103 1596 142 1656 ad
170 1592 415 1673 mythographum
438 1592 537 1669 ipsum
561 1597 650 1650 errant
672 1588 846 1649 reuocanda.

198 1691 242 1751 hd
274 1690 401 1750 fabulam
434 1688 560 1766 Triopae
593 1687 763 1764 diligentius
790 1686 993 1747 illustrandam
1024 1705 1072 1768 ea,
1105 1705 1180 1765 quae
1214 1697 1281 1766 post

103 1771 250 1871 leguntur
278 1789 373 1867 capite
397 1784 438 1848 61
464 1786 601 1846 conferre
632 1784 704 1844 mihi
732 1785 831 1865 liccat3
859 1803 934 1863 quae
962 1786 1099 1863 quamuis
1122 1803 1138 1843 e
1163 1784 1281 1846 Zenone

104 1907 170 1950 non
189 1887 338 1968 fluxerint,
360 1893 458 1945 tamen
478 1883 625 1963 quomodo
645 1883 850 1962 mythographi
869 1881 981 1942 fabulas
1001 1901 1124 1962 prorsus
1147 1883 1281 1962 diuersas

104 1987 172 2048 sola
194 1987 348 2045 nominum
371 1981 563 2050 similitudine
587 1981 668 2041 ducti
691 1983 770 2041 inter
794 1999 825 2040 se
850 1983 1037 2061 consuerint,
1066 1981 1115 2040 uel
1139 1981 1280 2043 efficacis·

105 2087 184 2146 sime
208 2081 382 2144 ostendunt:
410 2079 462 2140 ubi
486 2079 624 2158 Triopam
648 2097 684 2138 ex
709 2078 786 2139 Solis
809 2078 964 2158 Rhodique
993 2078 1062 2140 tiliis
1085 2097 1179 2139 unum
1202 2099 1280 2141 com·

103 2184 244 2263 perimus
263 2199 331 2240 cum
354 2181 385 2239 in
405 2178 490 2238 Caria
513 2196 529 2236 a
548 2177 684 2238 Melisseo
703 2195 774 2256 rege
793 2185 937 2256 purgatus
956 2185 990 2237 ut
1008 2177 1195 2239 Deucalionis
1214 2178 1282 2239 liliis

103 2297 196 2360 opem
220 2280 312 2338 ferret
335 2279 366 2337 in
388 2275 570 2336 Thessaliam
589 2277 786 2355 peruenisset,
809 2274 947 2354 Pelasgos
967 2276 1138 2356 expulisset,
1162 2275 1281 2337 Dotium

105 2395 247 2457 campum
271 2374 350 2454 quod
379 2375 530 2435 diceretur
552 2373 717 2455 diuisisset,
743 2373 810 2433 luco
835 2371 953 2433 Cereris
980 2391 1064 2433 sacro
1090 2391 1175 2433 caeso
1199 2376 1279 2434 iuco-
1366 2404 1369 2409 ·

1 2509 2 2512 ¹
104 2477 264 2553 lorumque
289 2473 357 2533 odio
379 2475 410 2532 in
425 2491 457 2532 se
472 2480 623 2532 contracto
639 2489 744 2532 rursus
759 2473 790 2530 in
805 2470 937 2531 Gnidiam
953 2473 1095 2549 migrasse
1115 2471 1281 2550 Triopium-

1 2597 2 2600 ¹
105 2592 169 2654 que
194 2571 369 2632 condidisse.
411 2570 455 2629 hd
478 2570 551 2630 haec
575 2569 655 2630 addit
678 2571 807 2648 scriptor
830 2568 866 2629 de
890 2587 999 2648 genere
1023 2568 1149 2648 Triopae
1173 2570 1282 2631 multos

1 2677 2 2684 ’
104 2675 190 2732 inter
217 2689 249 2730 se
277 2669 436 2730 dissentire
465 2669 572 2747 partim
600 2666 737 2745 Neptuno
768 2675 798 2726 et
830 2666 943 2727 Canace
971 2667 1054 2726 Aeoli
1084 2667 1142 2726 lilia
1174 2671 1281 2746 partim

105 2767 231 2848 Lapitha
257 2766 409 2846 Stilheqne
434 2765 533 2826 Peneo
557 2766 655 2844 genita
679 2771 780 2825 natum
803 2764 886 2825 illum
911 2765 1070 2825 tradentes.

199 2865 277 2924 llaec
293 2867 463 2943 quicunque
479 2883 546 2924 cum
562 2865 615 2942 eis,
639 2881 713 2941 quae
733 2861 873 2941 leguntur
888 2865 983 2942 eapite
999 2858 1040 2922 57
1057 2867 1282 2946 comparauerit,

107 2965 250 3043 Triopam
275 2981 333 3022 non
357 2980 450 3023 unum
474 2961 662 3039 cogitandum
691 2960 743 3020 sed
772 2961 846 3020 duos
870 2962 1044 3020 commixtos
1071 2979 1135 3020 esse
1160 2971 1189 3021 et
1213 2981 1281 3022 oon·

106 3063 193 3122 lusos
212 3095 253 3102 —
276 3078 439 3139 eorumque
462 3059 588 3119 alterum
612 3035 760 3118 Phodium
785 3057 865 3117 Solis'
889 3057 981 3117 tilium
1002 3092 1043 3100 —
1064 3077 1098 3117 ex
1124 3076 1182 3136 quo
1208 3078 1281 3120 nun·

107 3167 250 3239 cupatum
266 3176 331 3218 esse
346 3156 499 3217 serebatur
513 3156 662 3235 Triopiam
680 3189 729 3238 —,
750 3155 875 3216 alterum
892 3155 1065 3215 Thessalum
1085 3156 1177 3216 luisse
1196 3157 1280 3217 facile

108 3257 262 3318 concedet.
300 3255 434 3316 Alterum
457 3257 536 3314 enim
561 3271 626 3314 esse
650 3251 824 3314 Thessalum
846 3272 881 3313 ex
901 3271 935 3312 ea
954 3271 987 3312 re
1006 3253 1054 3312 uel
1078 3252 1281 3332 planissimum

107 3357 157 3436 fit,
182 3353 260 3433 quod
284 3362 313 3413 et
335 3353 476 3432 Lapithae
501 3351 669 3431 Stilbesque
694 3351 791 3412 Peneo
820 3359 905 3411 natae
929 3359 960 3411 et
986 3349 1115 3430 Neptuni
1140 3350 1281 3412 Canaces·

109 3469 170 3532 que
194 3451 283 3511 Aeolo
306 3459 479 3530 procreatae
502 3450 580 3510 tilius
604 3468 669 3509 esse
693 3443 838 3528 dicitur.¹)

198 3549 257 3608 llas
280 3548 393 3609 fabulas
416 3547 622 3627 mythographi
645 3549 685 3606 ita
709 3549 943 3627 coniunxerunt,
967 3555 1001 3606 ut
1023 3547 1161 3626 Triopam
1184 3549 1281 3624 primo

186 3723 212 3788 1)
230 3720 367 3789 Lapithas
386 3719 461 3774 enim
475 3735 523 3774 rex
536 3719 720 3789 Lapitharum
736 3719 933 3772 Thessalorum
952 3717 1111 3772 notissimus
1126 3720 1182 3786 est,
1201 3719 1281 3773 item·

108 3817 163 3870 que
183 3799 219 3854 ad
238 3799 375 3870 originem
391 3799 581 3853 Thessalicam
601 3801 709 3868 spectat
727 3801 817 3854 mater
834 3798 953 3867 Triopae
969 3797 1058 3852 Stilbe
1072 3797 1157 3852 Penei
1175 3798 1235 3854 filia
1254 3802 1283 3854 et

108 3879 219 3935 Canace
238 3880 325 3934 Aeolo
344 3882 499 3948 procreata.
537 3877 669 3948 Triopam
688 3881 795 3947 autern,
819 3879 837 3933 i.
857 3895 881 3932 e.
903 3877 962 3946 ‘qui
985 3879 1042 3932 tras
1065 3878 1151 3932 habet
1172 3878 1280 3933 oeulos'

109 3959 257 4028 antiquum
282 3976 341 4014 esse
365 3959 461 4013 Iouam
485 3975 547 4013 oum
569 3955 773 4030 Τριόφθαλμος
790 3957 840 4012 illa
859 3958 965 4012 oraculi
983 3958 1163 4012 Doriensibns
1181 3957 1211 4011 in
1229 3957 1283 4012 Pe-

107 4041 295 4110 loponnesum
317 4037 479 4108 migraturis
498 4039 567 4093 editi
586 4039 632 4106 (ef.
652 4039 780 4108 Apollod.
800 4040 826 4092 II
845 4044 870 4104 8,
890 4045 914 4092 3.
933 4041 975 4105 4),
1001 4037 1050 4105 qui
1071 4037 1147 4091 idem
1170 4037 1283 4092 uidetur

108 4137 170 4175 esse
198 4119 283 4188 aitque
311 4115 382 4181 Ζεὺς
405 4114 530 4188 Ἡγήτωρ
555 4119 599 4188 (ci.
624 4119 794 4188 Theopomp.
818 4118 851 4172 fr.
873 4119 935 4187 rat)
958 4118 1058 4172 docere
1085 4119 1193 4185 potest,
1221 4119 1282 4172 tum

4 4201 5 4258 l
107 4200 245 4270 probatur
263 4215 281 4253 a
298 4199 449 4266 Pausania,
472 4199 521 4266 qui
544 4198 658 4253 Larisae
682 4199 861 4254 simulacrum
883 4197 957 4252 Iouis
980 4197 1071 4250 tribus
1096 4196 1183 4250 oculis
1201 4201 1282 4251 utens
1313 4267 1315 4271 Ι

108 4278 296 4335 constitutum
315 4279 401 4333 tuisse
421 4281 622 4333 commemorat
641 4279 674 4333 of.
694 4277 720 4332 II
739 4283 782 4348 24,
797 4285 826 4333 3:
847 4273 977 4332 ἐνταῦθα
997 4272 1171 4346 ἀναθήματα
1190 4283 1282 4330 κεῖται

5 4363 7 4412 Ξ
107 4359 157 4416 καὶ
176 4355 247 4414 ἄλλα
266 4358 315 4412 aul
330 4354 401 4420 Ζεὺς
420 4354 533 4428 ξόανον,
552 4353 605 4412 δύο
620 4356 672 4429 μὲν
690 4348 708 4428 ᾖ
727 4355 898 4428 πεφύκαμεν
913 4355 978 4428 ἔχον
992 4350 1171 4427 ὀφθαλμούς,
1189 4358 1282 4425 τρίτον

5 4475 7 4536 3
107 4439 141 4497 δὲ
163 4437 210 4496 ἐπὶ
229 4440 280 4493 τοῦ
299 4435 438 4508 μετώπου.
