3064 4966
330 1352 405 1434 DE
427 1349 774 1433 RHODIORVM
795 1303 1141 1430 PRIMORDIIS.

631 1545 782 1640 Caput
808 1543 840 1618 Ι.

307 1711 361 1768 Du
384 1708 525 1786 RERVM
548 1708 843 1768 RHODIACARVM
867 1707 1163 1768 SCRIPTORIBVS.

129 1862 134 1868 ’
236 1868 435 1948 Temporibus
450 1867 665 1928 uetustioribus
682 1866 930 1946 logographorum
946 1875 976 1927 et
989 1865 1254 1945 horographorum,
1269 1867 1320 1942 qui

144 1967 235 2028 nullis
260 1967 342 2027 ducti
366 1975 395 2026 et
419 1965 553 2025 adstricti
581 1966 671 2024 certis
695 1963 860 2024 rationibus
888 1975 939 2025 aut
963 1951 1064 2026 subtili
1088 1965 1221 2025 doctrina
1245 1963 1319 2041 opti-

144 2083 209 2124 mas
238 2073 268 2124 et
297 2065 516 2144 antiquissimas
549 2060 731 2141 singularum
762 2064 917 2140 regionum
947 2072 976 2123 et
1003 2061 1123 2122 urbium
1152 2060 1264 2120 fabulas
1287 2067 1321 2119 ut

145 2161 332 2242 accipiebant
360 2161 533 2240 simpliciter
562 2169 592 2220 et
619 2161 735 2219 sincere
763 2159 939 2240 prodebant,
972 2179 1074 2220 rerum
1104 2157 1320 2218 Rhodiacarum

145 2261 303 2338 scriptoris
318 2261 478 2336 uestigium
493 2257 649 2335 indagatur
663 2257 785 2318 nullum.
814 2259 1080 2318 Alexandrinorum
1096 2258 1214 2317 demum
1226 2263 1321 2315 aetate

146 2359 199 2418 ubi
223 2377 291 2417 cum
315 2357 369 2416 alia
394 2355 490 2416 studia
514 2354 659 2414 llorebant
684 2364 746 2415 tum
767 2357 1067 2435 quamplurimarum
1088 2357 1252 2414 ciuitatium
1272 2371 1321 2412 res

147 2465 177 2516 et
202 2453 316 2514 fabulae
344 2455 540 2532 peruestigari
565 2464 594 2513 et
622 2456 797 2531 pertractari
824 2453 1058 2533 incipiebantur,
1086 2453 1137 2513 ubi
1162 2442 1321 2527 Ἀτθίδος,

147 2543 316 2632 Apitami,
346 2543 484 2633 Κῳακοί,
509 2543 756 2630 Κολοφωνιακοί
780 2551 1058 2630 conscribebantur,
1089 2553 1175 2610 etiam
1200 2548 1322 2608 Rhodus

145 2649 243 2710 insula
272 2668 342 2709 suos
370 2651 486 2710 inuenit
514 2650 675 2728 scriptores
700 2667 754 2708 neo
778 2657 876 2708 tamen
899 2651 1013 2728 integre
1038 2656 1157 2726 accepta
1182 2645 1321 2706 etrelata

146 2747 322 2828 relerentes
348 2747 399 2808 sed
424 2749 521 2806 causis
545 2765 646 2806 rerum
670 2755 807 2807 accurate
831 2747 1054 2826 perscrutandis
1078 2763 1197 2824 operam
1217 2744 1321 2804 dantes

146 2854 177 2906 et
200 2843 361 2905 Euhemeri
390 2847 576 2924 potissimum
606 2844 778 2923 disciplinae
802 2853 832 2904 et
860 2846 967 2904 rationi
996 2845 1139 2904 fauentes.
1188 2844 1320 2914 Qtrorum

37 2978 41 2984 ·
147 2945 327 3022 scriptorum
356 2945 488 3002 omnium
516 2941 602 3020 longe
629 2943 747 3001 maximi
775 2943 917 3001 momenti
946 2941 1034 3002 nobis'
1051 2950 1096 3002 est
1120 2941 1211 3001 Zeno
1233 2941 1321 3000 Rho·

146 3041 241 3122 diuS,
266 3040 396 3119 aequalis
419 3039 540 3120 Polybii,
564 3047 722 3118 propterea
746 3039 834 3119 quod,
859 3058 1055 3118 quaecunque
1079 3040 1114 3099 de
1139 3039 1321 3098 Rhodiorum

145 3137 318 3217 primordiis
356 3137 522 3216 fabulisque
561 3145 719 3198 narrantur
755 3137 832 3215 apud
869 3136 1030 3197 Diodorum
1060 3137 1077 3196 l.
1103 3136 1139 3216 V,
1172 3133 1322 3216 55-59‚

147 3237 288 3316 omnium,
309 3254 383 3314 quae
400 3235 435 3295 de
455 3235 501 3294 his
521 3235 611 3295 rebus
630 3239 790 3296 memoriae
806 3235 940 3294 mandata
956 3245 1035 3316 sunt,
1055 3237 1217 3312 fragmenta
1236 3234 1322 3312 longo

146 3333 326 3412 amplissima
355 3341 385 3392 et
413 3335 600 3411 grauissima,
633 3332 668 3391 ad
701 3333 784 3392 illum
818 3333 973 3393 referenda
1005 3335 1069 3412 ipse
1101 3341 1228 3393 testatur
1257 3333 1322 3392 Dio-

146 3430 240 3490 dorus
259 3429 290 3510 V,
310 3427 366 3492 56:
386 3425 460 3510 περὶ
479 3423 540 3509 μὲν
559 3415 621 3490 οὗν
640 3427 708 3490 τῶν
726 3420 1061 3510 ἀρχαιολογουμένων
1079 3421 1168 3509 παρὰ
1182 3421 1324 3501 Ῥοδίοις

147 3519 235 3588 οὕτω
263 3521 351 3600 τινὲς
381 3525 647 3608 μυθολογοῦσιν·
681 3523 717 3587 ἐν
741 3517 791 3599 οἷς
820 3523 887 3587 ἐστι
916 3521 970 3588 καὶ
1001 3519 1121 3606 Ζήνων
1145 3517 1161 3586 ὅ
1187 3517 1226 3587 τὰ
1250 3521 1323 3607 περὶ

147 3617 269 3704 ταύτης
301 3621 555 3706 συνταξάμενος.
598 3627 620 3685 Ε
645 3625 752 3704 quibus
783 3626 956 3702 fragmentis
986 3624 1134 3683 Zenonem
1162 3623 1322 3684 Euhemeri

129 3804 131 3808 ι
147 3725 278 3782 rationes
297 3731 328 3783 et
347 3724 511 3784 doctrinam
531 3731 666 3784 secutum
687 3740 752 3782 esse
772 3721 858 3780 lacile
878 3721 1069 3800 intellegitur.

237 3820 317 3890 Quae
334 3823 506 3900 ceteroquin
518 3821 554 3880 de
570 3824 631 3880 uita
646 3823 719 3900 eiuS,
734 3818 884 3880 scribendi
899 3838 1018 3900 genere,
1032 3819 1089 3878 lide
1106 3828 1134 3879 et
1146 3819 1322 3880 auctoritate

147 3926 298 3996 comperta
313 3918 455 3978 habemus
471 3918 547 3997 apud
563 3937 656 3978 unum
671 3917 811 3996 leguntur
825 3917 978 3996 Polybium
994 3915 1066 3996 XVI,
1084 3914 1125 3976 14
1136 3934 1178 3993 sq.
1216 3913 1322 3994 Operis

146 4027 255 4096 autem,
266 4017 345 4094 quod
356 4017 484 4076 coniecit
495 4016 583 4096 Zeno,
594 4015 712 4076 titulum
724 4015 963 4076 seruauitLaert.
973 4015 1053 4093 Diog.
1062 4013 1121 4094 Vll,
1130 4011 1185 4074 35:
1195 4003 1324 4086 Ῥόδιος

145 4107 209 4194 τὴν
229 4107 385 4176 ἐντόπιον
403 4105 577 4193 γεγραφώς
597 4111 748 4188 ἱστορίαν
767 4107 908 4191 ἑνιαίαν,
930 4112 982 4172 ubi
1001 4129 1068 4171 cum
1089 4107 1218 4171 ἑνιαίαν
1238 4111 1323 4190 plane

148 4222 324 4291 corruptum
349 4215 400 4291 sit,
428 4212 553 4289 Menagii
581 4213 769 4290 potissimum
799 4213 1000 4271 coniecturam
1027 4211 1191 4287 speciosam
1216 4208 1323 4288 ample-

147 4312 249 4389 cteris,
273 4311 328 4388 qui
349 4308 485 4368 emendat
505 4303 540 4382 ἐν
559 4309 578 4367 1
584 4311 615 4368 A
623 4331 630 4382 3
654 4311 694 4368 ita
719 4306 806 4367 simul
831 4314 904 4386 quot
927 4306 1011 4366 libris
1035 4313 1139 4365 auctor
1158 4323 1233 4384 opus
1255 4324 1323 4366 con·

143 4405 305 4488 'scripserit
328 4408 471 4468 edoceris.
513 4406 550 4466 At
574 4407 610 4466 cl.
634 4405 809 4467 Muellerum
829 4405 860 4464 F.
880 4403 914 4464 H.
934 4403 966 4464 G.
986 4402 1034 4486 lll,
1058 4422 1085 4482 p.
1107 4399 1171 4462 174
1190 4420 1233 4483 sq.
