3064 4966
554 247 796 341 -1‘23-

78 443 310 504 Althaemenem
333 444 428 522 primo
452 443 483 502 in
502 440 620 501 Cretam
643 439 749 500 deinde
773 438 910 500 Rhodum
934 441 1089 518 nauigasse
1109 458 1145 498 ex
1165 457 1260 518 eoque

5 559 6 622 j
78 541 208 604 heroem
242 540 421 602 Diodoreum
450 538 666 599 conformatum
682 533 761 598 ¹esse
789 539 945 597 existimat.
983 532 1039 618 (Cl.
1063 537 1138 598 blus.
1166 535 1259 598 Rheu.

5 641 6 662 ³
79 639 209 701 XXXVI
232 639 290 700 nol.
314 637 354 698 lll
377 657 405 717 p.
427 628 661 718 431-432.)¹)

177 737 232 798 His
255 739 390 797 uirorum
414 734 570 796 doctorum
587 733 705 794 iudiciis
724 752 784 794 non
803 735 843 794 ita
862 733 942 795 lauet
960 735 1164 794 testimonium
1187 731 1260 792 illud

82 833 254 914 Strabonis,
277 852 336 912 quo
359 832 481 893 colonos
504 834 535 892 in
559 831 676 894 Cretam
699 831 849 912 proiectos
873 850 889 891 a
912 831 1026 892 colonia
1049 830 1187 892 Rhodum
1209 849 1259 910 pe-

79 941 166 993 tente
193 933 351 1012 diligenter
374 940 404 992 et
427 938 564 992 accurate
588 932 719 1008 separari
748 929 941 990 ostendimus.
989 929 1054 1001 Quo
1083 947 1151 990 eum
1174 927 1261 989 breui

80 1039 112 1091 et
143 1031 267 1091 conciso
296 1031 426 1090 auctoris
454 1027 679 1108 locupletissimi
707 1029 877 1088 testimonio
901 1030 926 1088 si
951 1031 1017 1106 quis
1040 1029 1136 1088 lusam
1160 1033 1189 1087 et
1212 1043 1260 1086 co·

31 1158 38 1164 ·
81 1130 202 1206 piosam
222 1130 422 1188 narrationem
442 1126 570 1187 Cononis
591 1125 751 1186 contulerit
770 1143 857 1203 quam
876 1125 1057 1188 luculentam
1081 1128 1137 1186 ista
1156 1124 1260 1185 doctae

80 1226 270 1285 inuentionis
292 1223 504 1304 subtiliumque
524 1223 748 1285 conclusionum
768 1225 897 1303 speciem
915 1242 986 1304 prae
1006 1243 1037 1284 se
1058 1225 1134 1286 serat
1152 1226 1262 1286 sentiet

81 1340 116 1382 ac
141 1324 314 1402 perspiciet.
360 1321 469 1384 Nostra
492 1309 631 1402 opinione
654 1330 688 1382 nt
711 1320 804 1382 uerbo
828 1320 1122 1403 comprehendamus,
1145 1321 1260 1383 Althae-

81 1439 191 1482 menes
219 1429 289 1483 sunt
313 1421 487 1500 segregandi
511 1429 599 1500 atque
623 1418 812 1480 discernendi
835 1418 908 1480 diro:
934 1419 1008 1480 alter
1032 1420 1174 1502 Argiuus,
1202 1437 1261 1499 quo

83 1519 164 1579 duce
190 1519 335 1580 coloniam
358 1523 388 1580 in
412 1519 529 1580 Cretam
553 1518 709 1579 deductam
733 1535 798 1576 esse
822 1516 978 1598 putabant,
1004 1517 1078 1579 altor
1101 1517 1262 1597 Cretensis,

85 1620 138 1696 qui
159 1617 297 1680 Rhodum
317 1637 385 1679 eum
405 1620 467 1678 suis
486 1619 661 1696 peruenisse
681 1617 842 1678 dicebatur.
879 1616 960 1676 Duos
982 1615 1036 1676 hos
1056 1614 1262 1695 conglutinans

4 1791 6 1798 γ
86 1723 196 1778 auctor
219 1715 348 1776 Cononis
372 1715 593 1778 tithaemenem
616 1716 789 1798 priusquam
812 1713 950 1774 Rhodum
974 1715 1114 1792 migraret
1138 1711 1173 1774 ad
1193 1713 1261 1774 Cre-

4 1829 5 1880 j
84 1819 146 1872 tam
176 1813 325 1892 appulisse
353 1821 528 1894 partemque
557 1810 730 1872 colonorum
757 1812 799 1872 ibi
827 1812 984 1891 reliquisse
1011 1813 1190 1891 excogitauit
1214 1829 1263 1870 ex·

84 1913 290 1988 cogitantique
309 1910 518 1995 percommode
538 1911 565 1969 ei
584 1908 707 1970 obuenit
726 1911 881 1988 antiquum
901 1909 1068 1990 oraculum,
1092 1907 1171 1987 quod
1195 1925 1262 1968 cum

85 2009 228 2086 primitus
246 2012 278 2070 in
297 2011 472 2072 uniuersum
491 2009 527 2068 ad
546 2007 706 2068 Dorienses
725 2010 908 2087 spectanissc
927 2007 1065 2070 uideatur
1083 2006 1131 2068 ille
1146 2005 1262 2066 Althae-

4 2187 5 2190 Ἴ
87 2124 207 2166 monem
232 2108 318 2168 linxit
342 2115 553 2186 exsequentem
577 2115 717 2184 tanquam
741 2105 821 2166 solus
844 2099 1045 2186 accepisset.⁵³)

179 2204 274 2284 Atque
294 2205 366 2266 haee
382 2209 528 2268 sententia
544 2209 653 2286 optime
670 2206 862 2266 confirmatur
877 2206 929 2283 eis,
949 2222 1024 2282 quae
1039 2203 1141 2262 Conon
1160 2200 1196 2262 de
1216 2202 1258 2260 in-

3 2359 5 2370 ,
89 2301 165 2362 colis
181 2301 329 2364 fabulatur
344 2303 483 2382 deinceps
499 2303 635 2364 Rhodum
650 2300 866 2363 obtinentibus:
885 2292 953 2380 Τὴν
969 2291 1135 2360 ‹tt‘Ptoov
1152 2331 1189 2340 -
1206 2288 1264 2370 τὰς

88 2393 166 2480 περὶ
182 2391 218 2460 τὸ
234 2397 378 2478 Αἰγαῖον
393 2392 535 2486 ᾤκησαν.
560 2399 639 2462 llaec
654 2399 757 2460 dubito
771 2418 808 2459 an
823 2399 902 2460 inulla
921 2398 975 2458 alia
996 2406 1118 2458 utantur
1137 2398 1263 2458 alectori-

3 2537 5 2582 5
88 2507 150 2558 tate
172 2500 229 2558 nisi
249 2498 340 2558 fontis
355 2517 370 2558 a
385 2497 513 2559 Diodoro
529 2498 652 2558 adhibiti
671 2497 720 2558 uel
740 2498 856 2558 similis:
877 2516 912 2558 ex
927 2516 986 2576 quo
1006 2498 1102 2556 omnia
1122 2494 1264 2556 uidentur

3 2583 4 2626 3
88 2597 221 2658 diruisse.
264 2597 348 2668 Quod
377 2597 524 2658 Diodorus
548 2596 705 2658 Telchines
733 2599 845 2676 primos
869 2595 1028 2656 incoluisse
1053 2594 1190 2654 Rhodum
1215 2593 1263 2672 ait,

3 2715 5 2776 j
87 2695 227 2759 lleliadas
251 2696 368 2776 Conon,
392 2696 433 2758 nil
456 2697 562 2775 refert,
586 2714 621 2756 eo
642 2695 720 2773 quod
740 2693 876 2756 Heliades
901 2711 1019 2772 semper
1038 2691 1264 2769 autochthones

91 2809 169 2870 quos
188 2801 305 2874 uocant,
328 2801 446 2871 putatos
466 2812 532 2854 esse
552 2801 676 2854 constat.
713 2792 824 2852 Deinde
843 2791 1008 2854 Phoenices
1027 2792 1147 2852 uenisse
1166 2809 1202 2850 ex
1221 2807 1264 2870 ca,

90 2907 168 2966 quae
192 2889 228 2949 de
253 2889 351 2950 Danao
376 2901 405 2951 et
424 2890 532 2951 Cadmo
557 2886 680 2950 aduenis
699 2889 850 2951 serebatur
868 2889 966 2952 labula
985 2889 1104 2968 collegit
1122 2887 1265 2966 scriptor:

89 2987 363 3066 quoslleliadarum
374 2988 558 3068 temporibus
573 2991 603 3048 iu
618 2987 744 3048 insulam
756 2991 897 3066 migrasse
908 2988 1028 3048 Diodori
1040 2988 1106 3048 lons
1120 2984 1264 3046 tradebat..

92 3083 170 3146 'lum
184 3094 218 3146 ut
233 3084 323 3146 Cares
345 3085 473 3146 insulam
491 3088 624 3146 tenuisse
644 3094 788 3165 narraret,
806 3085 984 3146 Phorbantis
1003 3084 1100 3146 labella
1119 3083 1265 3144 adductus

90 3193 147 3264 est,
172 3202 260 3262 quem
284 3185 420 3264 quemuis
445 3183 591 3246 Diodorus
616 3203 651 3243 ex
675 3185 738 3262 ipsa
761 3182 912 3244 Thessalia
936 3182 1072 3244 Rhodum
1098 3183 1264 3261 profectum

92 3301 159 3342 esse
183 3281 296 3361 prodat,
320 3291 418 3340 tamen
444 3281 493 3341 alii
521 3300 537 3340 e
557 3280 640 3341 Caria
664 3283 783 3341 uenisse
803 3281 997 3358 scripserunt.
1035 3279 1168 3358 Denique
1193 3297 1265 3339 uero

93 3397 163 3438 cnm
188 3388 255 3458 post
274 3377 473 3438 Phorbantem
492 3378 713 3438 Althaemenem
733 3377 868 3436 Rhodum
888 3376 1036 3456 appulisse
1060 3377 1137 3456 apud
1161 3376 1266 3436 Diodo-

93 3495 162 3538 rum
188 3476 235 3536 uel
258 3478 322 3536 eius
345 3469 457 3536 sontem
481 3474 602 3555 legeret,
627 3476 766 3534 nimirum
787 3474 913 3534 etrndern
933 3474 1014 3534 illum
1034 3476 1190 3552 agnouisse
1210 3473 1266 3534 sihi

91 3577 177 3636 uisus
208 3584 296 3654 atque
328 3572 550 3634 dlthaemenem
582 3573 739 3650 Argiuum,
771 3570 930 3630 Dorienses
963 3590 998 3630 eo
1032 3572 1107 3631 duee
1141 3571 1267 3632 insulam

92 3691 255 3753 occupasse
278 3681 392 3734 temere
417 3671 571 3732 conclusit.
883 3727 887 3732 .

184 3771 247 3842 Qua
271 3771 385 3830 ratione
411 3768 558 3847 quomodo
578 3767 680 3828 Conon
704 3763 752 3826 uel
776 3772 879 3824 auctor
903 3765 968 3825 eius
992 3765 1119 3826 labulam
1144 3763 1266 3825 labrice-

93 3871 173 3929 uerit
201 3870 257 3928 etsi
286 3868 357 3926 satis
381 3884 531 3945 superque
556 3865 790 3926 demonstratum
815 3881 880 3922 esse
904 3861 1047 3941 arbitror,
1075 3873 1175 3924 tamen
1196 3862 1267 3922 alias

795 3959 808 3984 0

168 4052 193 4117 1)
213 4047 344 4102 Grauiher
358 4046 442 4104 etiam
458 4047 568 4102 incusat
582 4045 743 4112 Diodorum,
768 4044 843 4114 quod
867 4042 962 4099 omnia
985 4042 1080 4096 turbet
1099 4041 1130 4096 Ο.
1140 4040 1266 4096 Mueller.

3 4139 4 4158 ³
94 4121 224 4199 Aeginet.
242 4146 269 4196 p.
289 4133 332 4181 43.

165 4211 196 4278 2)
215 4203 296 4261 Κατὰ
314 4203 364 4260 τὸν
383 4206 509 4261 δοθέντα
528 4201 605 4276 αὐτῷ
625 4201 748 4276 χρησμὸν
769 4200 817 4260 ἐπὶ
831 4206 887 4259 Δία
907 4203 955 4258 καὶ
971 4197 1068 4258 Ἥλιον
1087 4203 1267 4272 κομίζεσθαιε

3 4357 5 4366 y
98 4287 179 4354 Quod
202 4286 345 4342 oraculum
369 4287 405 4342 ad
428 4304 524 4342 omnes
546 4287 659 4342 omnino
678 4285 826 4342 Dorienses
844 4284 983 4355 pertinere
1003 4298 1147 4338 censemus
1165 4279 1268 4350 partim

3 4389 5 4442 1
94 4365 124 4422 in
143 4367 256 4423 Cretam
273 4365 377 4436 partim
395 4367 525 4420 Rhodum
544 4367 622 4422 abire
640 4367 737 4422 iussos.
