3064 4966
651 348 947 422 2126-

240 510 306 590 lpsa
329 511 418 570 huius
438 511 552 571 tabulae
572 511 674 590 forma,
700 527 767 570 cum
787 527 803 568 a
823 513 932 570 ceteris
956 513 995 571 ita
1015 510 1155 592 discedat,
1175 519 1208 571 ut
1227 510 1432 590 Tlepolemus

241 627 300 669 non
324 608 437 669 oraculi
459 611 543 670 iussn
568 608 620 668 sed
643 617 711 688 post
739 609 849 670 multos
878 608 1005 688 deniqne
1034 607 1150 668 labores
1178 609 1254 669 iorte
1278 607 1430 669 Rhodum

242 706 391 786 appulisse
415 705 616 788 perhibeatur,
640 709 838 787 antiquiorem
863 706 977 788 redolet
1001 715 1135 767 aetatem.

328 803 371 864 Ad
405 804 532 864 cundem
565 805 687 866 heroem
719 807 850 885 pertinet
882 801 1102 864 narratiuncula
1130 822 1147 863 a
1180 801 1308 863 Diodoro
1338 802 1356 862 l.
1380 801 1429 860 lv

241 921 267 963 o.
286 899 329 964 58
354 905 513 963 memoriae
537 904 681 985 mandata,
705 923 792 982 qnam
817 921 853 963 ex
876 904 941 980 ipso
965 901 1094 961 Homero
1114 921 1129 961 a
1148 900 1269 960 Diodori
1292 907 1428 960 auctore

241 1001 378 1061 haustam
401 1019 466 1061 esse
490 1007 521 1061 et
546 1020 581 1062 ex
606 1005 715 1062 omisso
740 1001 799 1082 illo,
823 1017 882 1080 quo
901 998 1090 1078 Tlepolemus
1109 997 1246 1074 Rhodum
1269 999 1314 1056 ire
1333 995 1426 1056 iube·

242 1107 305 1179 tur,
334 1093 487 1180 oraculo1)
511 1105 600 1159 etex
624 1099 720 1160 insula
744 1099 888 1160 trifariam
911 1089 1041 1178 dirtisa2)
1065 1095 1202 1156 iacillime
1226 1097 1425 1174 perspicitur.

241 1193 335 1256 Vrbes
359 1206 457 1256 autem
481 1195 591 1257 Rhodi:
619 1195 754 1277 Lindum,
777 1195 914 1274 lalysum,
939 1192 1088 1253 Camirum
1113 1213 1128 1253 a
1152 1191 1323 1272 Tlepolemo
1348 1208 1424 1252 eon-

242 1294 361 1354 stitutas
380 1286 479 1376 ossei)
499 1296 635 1372 quamuis
655 1312 713 1353 non
734 1293 812 1353 dicat
831 1291 987 1371 Homerus,
1011 1299 1110 1351 tamen
1129 1307 1145 1349 c
1166 1307 1270 1350 uersu:
1292 1279 1424 1370 τριχθὰ

242 1381 280 1450 δὲ
302 1380 437 1474 ρ’όιιηθεν
460 1392 527 1452 κτλ.
563 1391 684 1452 Diodori
707 1398 811 1451 auctor
835 1388 955 1450 uidetur
979 1380 1170 1470 collegisset)

329 1485 388 1569 lam
423 1488 493 1568 qnid
527 1491 647 1550 omnino
679 1490 715 1549 de
749 1487 914 1575 Tlepolemi
945 1485 1043 1564 sabula
1075 1484 1266 1546 indicandum
1299 1486 1338 1544 sit
1366 1503 1423 1544 ex·

240 1585 411 1664 ploraturus
434 1587 564 1664 primum
588 1607 623 1648 ex
648 1587 785 1648 omnibus
804 1595 942 1646 ueterum
966 1582 1073 1644 fabulis
1095 1600 1257 1662 cognosces
1276 1580 1423 1661 Rhodios,

241 1701 300 1762 quo
325 1683 445 1762 quidem
469 1693 601 1764 tempore
622 1685 781 1745 Dorienses
804 1683 931 1744 insulam
950 1689 1097 1760 tenerent,
1119 1678 1156 1740 ‘ad
1176 1697 1245 1740 enm
1264 1687 1297 1738 ut
1316 1685 1423 1738 auoto-

240 1799 304 1843 rem
336 1792 454 1861 gentem
488 1802 571 1844 suam
604 1802 747 1844 reuocare
780 1781 983 1842 consecuisse.
1031 1778 1073 1839 Cf.
1102 1778 1186 1838 Pind.
1214 1775 1232 1839 l.
1256 1795 1280 1836 c.
1309 1793 1335 1836 r.
1360 1771 1423 1837 30:

241 1875 345 1940 τᾶσδέ
369 1898 448 1941 ποτε
471 1873 598 1960 χθονὸς
621 1873 770 1961 οἰκιστὴρ
793 1877 965 1958 χολωθείς.
1001 1876 1039 1936 Et
1062 1885 1148 1936 antea
1173 1895 1196 1936 r.
1221 1873 1265 1936 20
1275 1892 1318 1953 sq.
1347 1872 1424 1934 ἔθε-

241 1969 331 2056 λήσω
355 1984 465 2038 τοῖσιν
487 1973 521 2052 ἐξ
545 1969 648 2059 ἀρχᾶς
671 1969 735 2040 ἀπὸ
763 1970 979 2056 Τλαπολέμου
1007 1965 1110 2050 ξυνὸν
1133 1965 1305 2054 ἀγγέλλων
1329 1969 1422 2054 deep

241 2072 352 2135 θῶσαι
376 2067 493 2154 λόχον,
518 2066 718 2157 Ἡρακλέους
742 2065 943 2154 εὐρυσθενεῖ
963 2068 1074 2156 γέννᾳ.
1117 2072 1159 2131 hd
1185 2072 1256 2132 haec
1280 2091 1305 2131 v.
1332 2068 1422 2132 18—

244 2169 294 2253 19,
313 2171 365 2232 ubi
379 2171 562 2232 Rhodiorum
577 2192 650 2252 gens
665 2173 775 2233 dicitur
790 2172 912 2251 Argiua:
933 2161 1044 2243 Ἀσίας
1062 2159 1249 2251 εὐρυχόρου
1263 2169 1421 2250 τρίπολιν

240 2266 348 2329 νᾶσον
366 2263 466 2341 πέλας
484 2263 613 2356 ἐμβόλῳ
634 2269 791 2342 ναίοντας
806 2261 937 2351 Ἀρχείμ
956 2260 1020 2329 σὺν
1040 2264 1150 2350 αἰχμᾷ.
1187 2267 1318 2348 Accedit,
1337 2267 1420 2346 qnod

241 2367 337 2428 Rhodi
361 2376 442 2428 certe
468 2369 498 2427 in
522 2368 686 2448 Tlepolemi
709 2368 851 2428 honorem
877 2367 941 2428 ludi
964 2364 1135 2446 agebantur,
1160 2362 1201 2424 οό
1220 2385 1294 2444 quos
1314 2365 1420 2427 alludit

241 2464 388 2526 Pindarus
411 2485 436 2524 v.
463 2463 573 2544 usqe
596 2459 674 2528 τόδε
697 2459 822 2546 λύτρον
846 2462 1022 2546 συμφορᾶς
1046 2459 1178 2546 οἰκτρᾶς
1201 2456 1308 2544 γλυκὺ
1335 2465 1419 2526 Τλα-

241 2556 373 2647 πολέμῳ
396 2558 530 2624 ἵσταται
558 2564 754 2646 Τιρυνθίων
777 2555 954 2645 ἀρχαγέτᾳ,
986 2553 1096 2643 ὥσπερ
1123 2557 1205 2646 θεῷ,
1237 2554 1353 2642 μήλων
1382 2582 1420 2624 τε

240 2651 422 2720 κνισόεσοα
444 2651 558 2741 πομπὰ
581 2655 636 2722 καὶ
659 2662 768 2743 κρίσις
790 2651 873 2742 ἀμφ’
900 2651 1072 2742 ἆέθλοιςό)
1118 2658 1195 2718 Tum
1219 2661 1287 2738 quia
1311 2659 1419 2740 Tlepo·
1453 2703 1472 2724 .

239 2757 310 2816 lemi
332 2755 449 2816 labores
464 2767 494 2818 et
513 2757 642 2819 honores
658 2759 816 2838 diligenter
831 2761 1010 2838 copioseque
1033 2755 1243 2836 praedicantur
1258 2775 1273 2817 a
1288 2757 1418 2819 Pindaro

311 2922 338 2989 1)
358 2917 398 2974 Cf.
418 2920 505 2973 uerba
522 2919 649 2976 Diodori:
678 2918 737 2976 ‘dael
758 2920 790 2976 dl
810 2917 860 2976 τὸν
880 2917 971 2990 φόνον
990 2919 1090 2973 τοῦτον
1110 2915 1140 2984 ἐξ
1153 2915 1266 2987 ’Ἀρχονς
1285 2915 1417 2988 φνχόντα

241 2999 281 3062 εἰς
297 2994 394 3054 Ῥόδον
412 3001 598 3069 μετοικῆσαι’.

310 3081 337 3148 2)
357 3078 507 3150 Compares
526 3081 620 3136 locum
638 3082 721 3138 Diod.
747 3078 812 3136 ‘cdv
835 3081 867 3136 cii
895 3075 1076 3150 Τληπόλεμον
1101 3081 1180 3152 κοινῇ
1206 3076 1277 3149 μετὰ
1296 3079 1353 3134 τόν
1372 3076 1418 3150 ἐχ-

242 3157 350 3229 χωρίων
369 3161 483 3230 τριμερῆ
504 3161 620 3230 nothone
638 3159 690 3233 τὴν
705 3157 823 3216 Ῥόδον’.

182 3234 189 3242 ’
313 3242 340 3309 3)
359 3240 440 3296 Diod.
459 3241 478 3294 l.
498 3257 520 3296 c.
542 3240 603 3295 ‘aori
621 3249 696 3312 τρεῖς
715 3237 745 3296 όν
765 3236 836 3314 αὐτῇ
856 3241 1029 3310 καταστῆσαι
1047 3237 1151 3309 πόλεις,
1171 3241 1275 3294 Λίνδον
1293 3235 1417 3310 Ἰήλυσον
1466 3265 1471 3273 ·

242 3317 397 3390 Κάμειρον
418 3325 474 3374 acl.
675 3375 678 3382 ,
1235 3367 1238 3374 .

310 3401 339 3467 4)
358 3397 413 3452 Per
439 3400 530 3452 totum
555 3400 657 3454 librum
680 3403 795 3456 tertium
819 3403 849 3456 et
866 3404 1003 3470 'quartum
1021 3401 1160 3456 Diodorus
1179 3399 1346 3470 Dionysium
1365 3402 1417 3456 Mi·

240 3477 340 3532 lesium
365 3477 502 3532 adhibuit.
548 3481 587 3534 Oi.
613 3481 642 3536 C.
663 3481 694 3535 G.
718 3481 834 3550 Heyne
857 3482 891 3536 de
915 3483 984 3537 font.
1010 3485 1039 3536 et
1061 3481 1135 3536 auct.
1163 3481 1228 3534 hist.
1257 3477 1338 3534 Diod.
1363 3485 1415 3536 etc.

239 3576 266 3627 p.
281 3562 323 3612 89.
354 3557 453 3612 Verum
472 3561 568 3614 tamen
586 3577 642 3614 non
662 3579 743 3631 opere
763 3562 847 3631 quale
866 3563 1024 3617 confectum
1043 3564 1086 3616 est
1106 3559 1256 3628 aMilesio‚
1275 3559 1415 3614 Diodorus

239 3640 282 3692 est
300 3653 374 3706 usus,
394 3638 442 3691 sed
462 3655 545 3708 opere
560 3657 577 3694 a
591 3641 706 3710 Dioysio
722 3641 978 3711 Scytbobrachione
997 3643 1163 3696 retractato:
1184 3639 1218 3694 cf.
1237 3639 1266 3696 F.
1285 3639 1415 3694 Hacht-

239 3735 346 3775 mann.
381 3718 416 3770 de
440 3718 520 3774 Dion.
541 3721 629 3789 Mytil.
651 3738 700 3776 seu
719 3720 861 3791 Scythobr.
899 3722 992 3790 Atque
1011 3720 1094 3775 huius
1113 3737 1226 3776 manum
1245 3719 1415 3788 deprendere

238 3798 319 3854 nobis
347 3798 476 3852 uidemur
503 3800 539 3853 in·
558 3802 651 3856 uerbis
676 3803 722 3856 uel
746 3819 830 3872 supra
853 3803 1040 3870 adumbratis,
1064 3819 1135 3871 quae
1157 3817 1214 3854 non
1238 3817 1255 3854 a
1278 3797 1415 3869 Dionysio

240 3879 350 3934 Milesio
370 3879 418 3933 sed
438 3880 473 3932 ab
491 3878 743 3936 Alexandrinorum
762 3882 891 3937 doctrino
909 3883 990 3936 erunt
1008 3881 1172 3950 repetenda:
1196 3876 1247 3948 τὴν
1271 3878 1303 3934 dl
1328 3881 1415 3948 νῆσον

241 3956 348 4028 ταύτην
366 3955 429 4012 τότε
450 3989 484 4000 -
503 3960 733 4025 κατοικισθέντες
752 3962 796 4030 (cf.
816 3979 843 4032 p.
857 3968 906 4015 121
921 3979 948 4017 n.
960 3962 986 4030 2)
1007 3959 1158 4030 Dionysius
1177 3960 1304 4014 Milesius
1322 3964 1415 4029 poste-

239 4039 345 4094 riorum
363 4039 509 4094 hominum
528 4043 618 4096 doctis
637 4043 738 4097 studiis
757 4043 881 4097 nondum
899 4041 1025 4096 imbutus
1043 4041 1084 4094 nil
1103 4039 1221 4096 fortasse
1240 4039 1414 4111 conscripsit,

240 4119 295 4174 nisi
313 4133 385 4188 quae
404 4135 438 4174 ex
455 4120 518 4188 ipso
536 4123 658 4177 Homero
677 4123 829 4189 fluxerunt:
849 4120 882 4178 cf.
902 4122 999 4190 Heyne
1019 4123 1049 4174 et
1067 4121 1245 4175 Hachtmann
1264 4121 1281 4174 l.
1302 4137 1324 4173 c.

311 4201 337 4268 b)
359 4198 532 4256 scholiastae
551 4202 665 4258 Pindari
690 4201 898 4272 Τληπολέμου,
923 4216 994 4268 quae
1013 4204 1162 4270 uocantur,
1188 4200 1330 4254 celebrata
1353 4216 1413 4254 esne

239 4279 344 4350 partim
364 4281 456 4348 aiunt,
483 4283 533 4336 alii
551 4285 657 4353 negant
675 4281 747 4337 Solis
770 4283 850 4336 ludos
875 4278 1006 4350 (Ἡλιεῑα)
1030 4281 1067 4334 ad
1085 4281 1166 4334 illum
1184 4274 1336 4334 translatos
1355 4296 1413 4336 esse

241 4357 379 4415 arbitrati.
410 4360 464 4414 Sed
483 4363 537 4416 hae
555 4379 648 4417 merae
668 4379 767 4432 nugae.
801 4361 960 4418 Certissima
979 4360 1009 4414 in
1028 4359 1184 4432 Tlepolemi
1202 4360 1336 4414 honorem
1354 4360 1413 4416 ludi

240 4439 408 4510 agebantur:
429 4440 459 4495 id
478 4443 554 4509 quod
569 4459 602 4497 ex
615 4442 677 4512 ipso
695 4441 818 4498 Pindaro
837 4439 987 4513 colligitur.
