3064 4966
571 326 814 390 -107-

97 511 212 570 μονας
226 483 437 576 noooup'ovm
457 490 704 569 mythographum
724 498 831 571 autem,
851 493 915 550 siue
931 490 1079 551 Zenonem
1100 493 1163 551 siue
1184 500 1282 553 aucto-

99 607 172 648 rem
187 591 262 670 eius,
281 589 335 649 hos
350 589 509 650 daemones
524 589 596 648 aiios
612 608 678 649 esse
693 588 885 650 arbitrantem
902 598 990 667 atque
1005 591 1138 668 gigantes
1153 587 1283 670 Lindius,

99 697 253 765 utrosque
277 695 391 748 temere
414 687 594 747 disiunxisse
614 694 644 747 et
664 689 783 766 quinam
807 695 907 747 essent
931 684 1090 767 δαίμονες
1111 673 1284 774 προσηῷὸι

100 792 303 862 quaerentem
331 794 361 846 et
397 787 685 864 circumspicientem
714 787 744 844 in
773 785 903 863 Neptuni
931 785 1007 844 fiiios
1036 785 1157 864 dalysios
1186 785 1283 846 tabula

101 885 181 942 satis
204 883 369 944 celebratos
393 884 522 944 delatum
551 901 617 944 esse
645 901 713 943 cum
741 885 843 962 eisque
872 883 938 944 iilos
967 885 1006 942 ita
1038 883 1223 964 contudisse,
1252 891 1284 944 ut

101 987 189 1040 terra
214 981 347 1041 occultos
370 981 500 1061 Neptuni
524 981 599 1042 tilios
629 979 791 1060 δαίμονας
813 973 1012 1066 προσηῴους
1035 983 1284 1042 transnominatos
1344 982 1348 988 '

102 1095 176 1137 esse
201 1087 323 1139 strenue
348 1080 549 1141 contenderet.
588 1079 624 1139 Vt
647 1082 738 1158 igitur
757 1079 883 1139 tabulam
904 1079 982 1140 iliam
1002 1080 1038 1139 de
1058 1079 1139 1139 Halia
1159 1082 1283 1158 eiusque

102 1175 178 1236 tiliis
208 1176 341 1256 latysiam
369 1178 476 1238 bonam
505 1189 535 1239 et
563 1181 713 1257 antiquam
741 1197 806 1238 esse
835 1185 965 1257 constat,
997 1179 1037 1237 ita
1071 1179 1284 1238 metonomasia

102 1273 156 1333 ilia
182 1274 261 1335 haud
284 1278 346 1335 scio
370 1295 406 1336 an
432 1277 597 1336 reuocanda
623 1279 661 1336 sit
679 1275 714 1335 ad
739 1275 994 1354 mythographum.

199 1371 333 1452 Denique
357 1377 387 1434 in
403 1394 466 1435 una
485 1393 559 1434 trooe
584 1375 705 1434 haereo:
728 1365 806 1446 τοὺς
828 1369 1015 1452 κληθέντας
1034 1374 1099 1434 dico
1119 1373 1284 1452 piperatas.

107 1469 192 1540 Quid
213 1471 279 1532 uult
302 1471 373 1532 iliud
397 1464 476 1545 τοὺς
498 1467 703 1552 κληθένταςὶ)
742 1472 818 1532 Num
843 1474 976 1549 gigantes
1000 1471 1073 1530 adeo
1096 1472 1218 1532 suerunt
1241 1474 1284 1532 in·

41 1567 43 1574 ’
104 1569 236 1647 cogniti,
270 1578 303 1629 ut
336 1570 427 1630 uerba
461 1571 641 1630 adderentur
674 1577 826 1649 oporteret
860 1565 926 1646 ‘qut
960 1564 1145 1629 uocantur’?
1194 1570 1284 1649 Atqui

105 1666 221 1726 Gnetas
245 1667 293 1727 uel
317 1668 434 1746 lgnetas
458 1688 472 1728 a
498 1669 647 1748 Stephano
671 1677 702 1728 et
725 1668 871 1747 Hesychio
895 1667 1042 1728 exhibitos
1071 1667 1148 1747 apud
1177 1667 1284 1728 Diodo-

104 1781 179 1824 rum
201 1766 266 1824 iure
291 1761 480 1849 desideres.¹)
523 1767 635 1826 Horum
659 1769 750 1846 igitur
774 1773 929 1826 auctorum
953 1768 1131 1826 testimoniis
1155 1768 1284 1827 contisus

103 1861 243 1921 rescribo
271 1855 350 1935 τούς
378 1861 564 1945 κληθέντας
592 1867 735 1944 λννητας.
770 1856 927 1943 Ἵννητας
955 1872 1053 1924 autem
1082 1881 1170 1942 quam
1199 1864 1284 1924 taciie

106 1961 140 2017 iu
167 1958 324 2038 γίγαντας
347 1961 428 2022 abire
452 1965 592 2043 potuerit,
616 1965 646 2022 in
671 1962 826 2043 propatulo
850 1969 903 2021 est.

200 2056 317 2135 lgnetes
340 2061 440 2141 igitur,
463 2069 497 2120 ut
520 2061 653 2121 breuiter
677 2061 907 2140 complectamur
932 2079 1007 2139 quae
1034 2060 1181 2137 disputata
1205 2069 1284 2138 sunt,

105 2154 270 2216 daemones
294 2165 364 2217 sunt
387 2158 496 2238 Lindii,
523 2158 664 2238 appellari
688 2159 822 2218 solebant
845 2155 1001 2238 δαίμονες
1024 2154 1210 2242 concupiui,
1241 2175 1285 2216 se·

105 2253 253 2314 cernendi
278 2264 347 2315 sunt
371 2275 386 2314 a
410 2256 477 2315 [iliis
501 2257 631 2336 Neptuni
656 2256 775 2335 {elysiis

682 2447 717 2513 O.

172 2637 174 2640 .
202 2574 241 2634 De
266 2575 345 2636 lorus
369 2575 556 2656 filiorumque
581 2577 728 2656 Spartaci,
753 2576 868 2655 Cronii,
892 2576 956 2655 Cyn
981 2575 1088 2654 tabula,
1113 2595 1199 2654 quam
1225 2577 1285 2634 uirn

105 2670 217 2731 habeat
241 2676 357 2752 egregie
378 2673 526 2734 Heiiterus
551 2675 568 2734 Ι.
584 2694 608 2735 c.
623 2675 662 2734 ΙΙΙ
678 2695 704 2754 p.
721 2672 851 2735 26-28
876 2677 936 2752 agit
963 2673 1176 2751 Himaiiamque
1202 2673 1286 2732 deam

107 2771 236 2830 farinam
259 2750 431 2850 largientem
456 2791 531 2850 quae
556 2773 683 2853 serendi,
708 2771 927 2832 rnatureseendi
951 2789 1023 2850 opes
1047 2769 1194 2830 condendi
1214 2770 1286 2830 deos

108 2886 180 2927 cum
209 2868 278 2927 ioue
306 2879 458 2951 procreet
487 2863 627 2952 statuitfl)
675 2872 696 2930 Α
721 2889 778 2948 qua
811 2869 885 2930 urbe
913 2871 1066 2949 proiectus
1096 2871 1135 2928 sit
1159 2867 1286 2946 mythus,

109 2983 172 3024 non
196 2965 315 3025 difficile
339 2977 383 3028 est
408 2969 501 3048 dictu,
532 2987 599 3028 curn
624 2969 844 3028 Camirenses'
837 2987 866 3028 m
891 2967 1035 3027 honorem
1063 2967 1200 3043 deorum,
1236 2967 1286 3044 qui

109 3071 292 3123 uocarentur
315 3058 508 3143 μνλύντειοι
532 3066 580 3125 uel
605 3058 771 3144 ἐπιμύλιοι
791 3066 854 3125 dies
870 3066 962 3125 festos
981 3067 1133 3142 egisse—
1151 3055 1288 3123 Μνλύν-

107 3161 248 3220 ’τεια-
272 3161 307 3220 ab
331 3161 477 3241 Hesychio
498 3183 563 3223 su.
588 3156 820 3245 Mdia9(ci.p
823 3159 919 3244 .,102
939 3181 966 3221 n.
986 3157 1021 3243 2)
1046 3161 1188 3220 docearis
1227 3157 1285 3218 Sed

108 3258 184 3318 iliud
209 3263 388 3342 monuerim,
422 3261 577 3340 Mylantem
607 3261 751 3321 molarum
784 3262 972 3320 inuentorem
1005 3275 1164 3318 occurrere
1198 3258 1286 3317 etiam

110 3357 190 3434 apud
211 3352 418 3442 Pausaniam3)
438 3377 565 3438 eumque
585 3362 714 3438 primum
729 3357 890 3416 Laconicae
910 3375 1024 3434 regem:
1049 3358 1099 3434 qui
1119 3373 1187 3414 cum
1206 3353 1284 3414 tilius

111 3445 213 3505 audiat
244 3446 373 3528 Lelegia,
409 3448 609 3508 Camirensem
643 3465 761 3525 quoque
795 3445 872 3504 iiiam
907 3444 1034 3504 tabulam
1067 3443 1186 3522 colligas
1219 3461 1286 3502 esse

47 3574 52 3580 ·
113 3538 292 3626 Lelegum)

185 3697 271 3764 1.)Of
292 3699 406 3768 Steph
421 3701 494 3768 Byn
510 3719 531 3754 s.
546 3719 572 3752 ιι.
591 3695 678 3766 Γνής
699 3695 785 3760 ἔθνος
804 3696 921 3764 αἰτῆσαν
941 3691 992 3764 τὴν
1008 3690 1120 3749 Pddor.
1136 3691 1287 3748 dederuut

112 3778 223 3844 ιηνητες
247 3775 276 3831 οἴ
297 3777 451 3848 ἰθαγενεῖς
489 3777 601 3878 λέγεται
624 3775 677 3846 γὰρ
701 3778 750 3872 καὶ
774 3771 843 3844 μετὰ
868 3774 918 3829 τοῦ
938 3787 949 3828 ῖ
972 3777 1090 3870 λἠνητες.
1128 3773 1199 3827 Hes.
1220 3789 1240 3824 s.
1260 3788 1287 3823 u.

104 3854 241 3926 ''·vanasc
257 3853 346 3921 ούτας
361 3855 581 3929 ὠνομάζοντο
552 3879 578 3913 οι
593 3853 662 3928 μετὰ
677 3853 743 3918 τούς
755 3852 913 3924 Τελχῖνας’
900 3850 1102 3922 εποιιιήσαντες
1112 3873 1164 3920 την
1175 3845 1288 3904 Pddoa.

186 3946 213 4008 2)
186 3938 360 3992 2Ceternm
379 3937 453 3992 inter
473 3956 528 4005 eos,
548 3939 597 4008 qui
611 3956 644 3992 ex
658 3935 840 3991 inundatione
855 3935 926 3990 salui
941 3934 1102 4002 euasissent,
1122 3931 1196 3986 Ionis
1215 3929 1288 3984 filios

111 4019 264 4074 referentes
279 4018 383 4072 Rhodii
402 4017 485 4088 piene
500 4017 736 4088 significauerunt,
756 4031 892 4083 aquarum
908 4013 1083 4069 eluuionibns
1102 4015 1193 4066 terrae
1207 4013 1288 4066 uber-

111 4101 201 4154 tatem
221 4097 453 4165 fertilitatemque
473 4099 587 4152 minime
606 4115 665 4152 esse
680 4095 861 4150 deminutam.

185 4180 212 4246 3)
232 4179 271 4232 III
292 4184 316 4244 1,
336 4185 360 4232 2.
380 4183 423 4244 20,
439 4183 462 4233 2,
483 4174 613 4232 ·Ἀλεσίαι
632 4180 743 4247 χωρίον,
762 4173 883 4244 Μύλητα
902 4171 951 4229 τὸν
970 4174 1091 4241 Λέλεγος
1109 4172 1219 4240 πρῶτον
1238 4167 1287 4225 ἇν-

109 4255 237 4329 apoteca
261 4253 349 4327 μύλην
375 4277 403 4310 τε
429 4252 523 4324 εὑρεῖν
543 4256 671 4326 λέγοντες
696 4257 745 4312 καὶ
764 4254 795 4312 ἒν
822 4263 884 4318 ταῖς
900 4251 1029 4316 Ἀλεσίαις
1047 4250 1162 4314 ταύταις
1180 4247 1287 4306 ἀλέσαι.

111 4342 173 4407 Qua
193 4337 304 4393 ratione
324 4336 474 4392 commenti
493 4337 550 4390 sint
568 4339 702 4406 fabulam,
720 4338 899 4407 perspicuum
918 4337 968 4391 eat.

183 4421 214 4490 4)
234 4417 275 4472 De
295 4418 339 4470 his
358 4417 392 4472 cf.
411 4417 562 4486 Deimling,
583 4419 646 4472 ‘Die
665 4418 805 4488 Leleger'.
830 4417 923 4486 Leipz.
944 4422 985 4473 62.
