3064 4966
581 341 622 350 —
671 305 731 368 131
777 337 821 352 ¹-

6 489 7 496 ¹
104 467 264 547 expulisse
295 467 448 528 iactabant.
496 466 526 526 ld
558 467 636 546 qttod
665 469 753 528 etiarn
782 469 900 528 nomine
925 468 1107 546 significatur
1126 458 1288 548 Ἴφικλος,

5 609 6 644 ;
104 569 125 628 i.
143 585 174 628 e.
200 561 272 644 ‘qui'
291 565 406 626 uiribus
429 559 595 643 gloriatur'.
632 564 806 626 Grauissimi
830 565 958 644 denique
977 569 1120 626 momenti
1139 575 1185 627 est
1208 565 1288 647 illud,

5 655 6 704 ³
105 665 195 746 quod
223 664 387 726 Phoenices
414 681 446 722 re
471 680 543 724 uera
567 681 582 721 a
606 661 726 724 Graecis
750 663 835 724 ualde
863 681 984 742 pressos
1012 666 1042 724 in
1065 663 1151 744 Ialysi
1180 665 1288 744 oppido

5 801 6 808 .
106 773 139 824 et
166 781 236 822 arce
259 762 457 822 munitissima
488 761 622 822 ultimam
649 779 731 840 spem
760 763 895 842 posuisse
919 780 955 821 ex
979 761 1084 841 Ergiae
1109 770 1138 822 et
1161 762 1289 841 Polyzeli

5 845 6 880 ³
106 861 287 939 fragmentis
315 865 399 918 certo
427 860 571 936 sequitur.
617 857 720 938 Neque
748 878 822 920 uero
849 859 942 919 solam
970 859 1096 939 Ialysum
1123 859 1175 920 sed
1200 861 1288 922 etiam

105 960 265 1020 Camirum
284 959 473 1036 praecipuam
493 956 593 1016 sedent
608 977 642 1017 ac
657 957 838 1018 domicilium
853 957 1034 1018 Phoenicum
1055 959 1146 1020 luisse
1163 957 1288 1020 docetur

105 1057 212 1117 tabula
236 1054 355 1134 Dictyos
383 1065 471 1134 atque
499 1056 693 1116 confirmatur
720 1066 872 1136 praeterea
897 1058 1098 1116 monumentis
1122 1055 1288 1116 Salzmenni
1362 1046 1366 1054 ’

4 1219 5 1228 ,
105 1157 240 1216 fossuris
249 1149 274 1236 ¹)
303 1156 333 1214 in
357 1153 454 1214 lucem
479 1153 579 1235 editis,
608 1171 682 1233 quae
712 1155 802 1214 certis
825 1153 1001 1214 Phoeniciae
1024 1155 1098 1214 artis
1121 1156 1213 1232 signis
1236 1173 1286 1214 no-

4 1253 5 1304 }
108 1261 175 1315 tata
199 1245 305 1335 snut.²)

461 1448 508 1508 lle
530 1447 750 1508 Rhodiorum
775 1447 937 1510 coloniis.

204 1592 276 1652 Cum
306 1591 436 1652 Rhodios
466 1599 499 1650 ut
528 1589 680 1650 insulanos
703 1609 804 1650 rerum
829 1594 1043 1652 maritimorum
1067 1591 1144 1652 haud
1168 1593 1287 1671 ignaros

106 1707 194 1749 mare
218 1707 336 1766 quoque
362 1705 469 1748 uersus
493 1688 662 1766 negotiandi
686 1708 773 1749 causa
803 1707 868 1748 esse
896 1701 1073 1769 peruagatos
1097 1689 1287 1769 coloniasque

3 1823 4 1860 ;
107 1806 182 1848 cnm
205 1789 235 1846 in
260 1789 405 1845 orientem
429 1793 491 1845 tum
511 1787 541 1844 in
561 1786 746 1848 occidentem
765 1785 923 1847 deduxisse
943 1789 1021 1847 inter
1041 1805 1143 1846 omnes
1163 1795 1287 1869 constet,

3 1885 4 1964 ᾗ
106 1886 145 1945 de
177 1883 224 1944 his
257 1902 375 1963 quoque
409 1882 534 1943 breuem
561 1883 723 1963 adiungere
756 1885 959 1961 quaestionem
988 1902 1003 1943 3
1033 1901 1065 1942 re
1094 1902 1159 1943 esse
1188 1885 1286 1945 existi-

107 1985 258 2044 manimus
282 1982 372 2060 idque
401 2000 435 2041 eo
463 1983 569 2060 magis,
598 1982 677 2060 quod
705 2000 764 2041 non
793 1981 888 2043 solum
917 1973 1169 2042 steteres'uerum
1199 1984 1287 2044 etiam

107 2081 202 2141 huius
230 2081 333 2139 aetatis
363 2081 421 2139 uiri
450 2079 529 2138 docti
558 2081 587 2139 in
616 2079 721 2139 harum
750 2097 849 2139 rerum
878 2081 1106 2158 inuestigatione
1136 2067 1248 2140 uersati
1271 2099 1287 2140 3

3 2201 5 2262 ζ
109 2198 187 2240 uero
206 2179 247 2238 ita
262 2177 474 2258 discesserunt,
493 2187 526 2236 ut
545 2196 578 2238 ea
597 2180 660 2257 ipsa
680 2197 777 2257 causa,
796 2179 864 2255 qttia
879 2175 986 2237 Rhodii
1006 2179 1079 2236 mari
1098 2195 1286 2258 summopere

107 2276 257 2337 llorebaut
285 2275 403 2337 adducti
431 2275 538 2336 multas
566 2276 695 2336 colonias
728 2275 764 2334 ab
796 2275 854 2334 illis
882 2275 1016 2335 conditas
1052 2294 1117 2335 esse
1148 2284 1288 2354 putarent
1367 2331 1371 2335 .

3 2367 4 2384 *
109 2385 164 2436 aut
188 2377 309 2434 omnino
333 2375 375 2434 eis
400 2373 608 2434 abiudicandas
632 2383 682 2434 aut
706 2373 927 2434 addubitandas.
966 2373 1136 2444 Qtraecum
1159 2375 1287 2454 insint,

2 2459 3 2530 l
107 2475 186 2534 ratio
211 2471 347 2532 simulet
367 2474 423 2552 tria,
447 2491 522 2552 quae
541 2475 572 2532 in
597 2472 773 2552 disputando
799 2472 927 2533 ineunda
952 2475 1003 2553 sit,
1026 2471 1112 2532 nobis
1136 2472 1286 2550 designata

107 2580 139 2632 et
164 2571 345 2649 praescripta
370 2576 416 2630 est
437 2569 523 2652 haec,
553 2579 585 2632 ut
611 2569 646 2630 ab
671 2573 728 2651 eis,
757 2589 830 2650 quas
858 2569 987 2630 Rhodias
1016 2589 1082 2630 esse
1111 2571 1286 2630 certissimis

2 2681 3 2752 ᾗ
108 2669 303 2730 confirmatur
326 2670 505 2728 testimoniis
528 2668 752 2748 proficiscentes
775 2669 822 2728 his
844 2671 977 2730 tractatis
997 2668 1031 2728 ad
1052 2677 1167 2728 ceteras
1189 2675 1285 2748 trans·

2 2788 3 2816 ι
109 2765 308 2844 grediamur.·
325 2765 422 2844 Atque
441 2776 542 2844 aperte
558 2785 573 2824 3
588 2765 710 2826 nhodns
725 2769 903 2826 constitutae
919 2775 1001 2826 sunt:
1026 2765 1154 2847 Gagae,
1178 2765 1284 2846 Cory-

2 2893 3 2896 *
107 2863 217 2944 dalla,
240 2863 421 2943 Phaselis,
444 2863 536 2922 Gelo.

201 2961 239 3021 Et
262 2961 356 3041 Gagas
380 2961 500 3040 quidem
524 2980 539 3020 3
565 2959 667 3020 Rhodo
691 2961 824 3021 conditas
848 2981 914 3022 esse
939 2962 1028 3022 tradit
1051 2960 1146 3042 Etym.
1166 2961 1203 3022 M.
1219 2980 1241 3022 s.
1257 2981 1284 3021 u.

2 3083 3 3124 1
107 3052 229 3139 Γόγαι,
253 3059 306 3120 has
329 3059 485 3139 proferens
502 3055 643 3148 labellos:
666 3057 821 3140 Είρηται,
839 3051 897 3120 ’ὅτι
916 3050 1041 3120 Ῥόδιοι
1066 3058 1213 3131 Λυκίους
1237 3056 1284 3119 ol-

107 3156 245 3232 τοῦντες
267 3151 372 3220 τόπον
397 3151 433 3216 ἐν
456 3141 484 3240 ᾦ
506 3148 776 3236 κατοικήσουσιν,
801 3149 908 3235 ἐβόων
931 3153 980 3217 rot
1000 3151 1065 3235 Γᾶ,
1087 3153 1126 3238 τῇ
1151 3150 1285 3240 πατρρίηι

107 3255 207 3339 φωνῇ
241 3254 448 3334 δωρίζοντες·
485 3249 539 3315 καὶ
572 3249 731 3316 ἐντεῦθεν
767 3245 805 3315 τὸ
839 3244 947 3333 ὀνόμα
980 3248 1078 3332 ἐτέθη
1110 3250 1150 3334 τῇ
1182 3245 1285 3315 πόλει.

99 3344 150 3415 Ἢ
169 3346 219 3416 ὅτι
243 3348 371 3434 Νίμιος
393 3349 588 3433 στρατηγῶν
606 3343 746 3412 Ῥοδίων
774 3342 931 3423 καὶτοὺς
955 3349 1091 3412 Λυκίων
1114 3345 1169 3410 καί
1194 3351 1284 3412 Κιλί-

107 3474 180 3514 κων
202 3443 425 3536 λῃστεύοντας
446 3440 528 3510 κατὰ
551 3442 723 3510 θάλατταν
742 3441 881 3529 νικήσας
899 3439 1020 3520 νυκτὸς
1038 3445 1176 3528 χειμῶνι
1195 3465 1284 3528 περι-

107 3546 216 3612 έπεσε·
244 3544 298 3611 καλ
326 3540 591 3627 κινδυνευούσης
618 3543 675 3627 τῆς
702 3538 786 3619 νεὼς
812 3545 881 3609 τῶν
905 3539 1116 3626 ἐμπλεόντων
1140 3534 1284 3626 ἀναβοη-

108 3641 241 3710 σάντων
269 3644 308 3729 τῇ
338 3645 469 3726 Δωρίδι
497 3642 594 3726 φωνῇ
618 3644 650 3707 Γ
647 3642 667 3705 ἄ
692 3643 741 3706 Γᾶ
768 3641 803 3706 ἐκ
826 3642 886 3706 τοῦ
910 3637 1157 3723 ε’κιφθίγματος
1185 3657 1284 3723 κροσ-

109 3741 209 3826 ἐσχον
240 3740 295 3806 καὶ
323 3737 511 3824 ἐσώθησαν.
551 3733 693 3824 Ἡμέρας
721 3735 758 3804 δὲ
785 3737 967 3821 γενομένης
992 3731 1073 3801 κατὰ
1098 3731 1158 3802 τὸν
1180 3733 1284 3804 τόκον

108 3843 215 3905 ἔκτισε
229 3835 328 3904 πόλιν
342 3837 397 3904 καὶ
408 3833 583 3921 ὠνόμασεν
595 3831 701 3919 αὐτὴν
715 3831 781 3900 dard
792 3835 850 3918 τῆς
859 3836 1033 3917 λεχθείσης
1043 3835 1159 3917 φωνῆς
1169 3831 1283 3919 Γόγαι.

182 4001 209 4068 1)
227 3998 278 4051 His
296 3996 412 4052 fossuris
431 3997 507 4065 epod
526 3994 712 4049 Galsuerdam
736 3993 830 4047 uicum
848 4009 866 4045 a
885 3990 1050 4046 Sanmanno
1071 3990 1209 4046 institutis
1228 4009 1284 4048 non

110 4080 195 4134 modo
214 4076 318 4132 ueteris
337 4075 436 4147 oppidi
455 4094 503 4130 arx
518 4076 567 4130 sed
583 4077 668 4130 etiem
681 4072 850 4142 necropolis,
869 4088 942 4140 queo
956 4072 1081 4137 uocatur,
1099 4071 1215 4126 inuenta
1233 4074 1284 4126 est.

2 4149 3 4152 ¹
109 4161 280 4230 Magnopere
300 4158 395 4210 eutem
415 4156 581 4223 dolendum,
605 4173 697 4210 rerum
717 4153 747 4206 in
765 4155 819 4208 hac
837 4151 984 4222 necropoli
1003 4150 1177 4204 detectorum
1195 4153 1283 4206 mate-

109 4239 180 4294 riem
203 4236 326 4291 nondum
351 4253 410 4290 esse
434 4236 581 4290 collectam
606 4237 635 4291 et
658 4235 708 4290 sub
726 4250 783 4289 uno
801 4236 916 4303 aspectu
942 4230 1073 4302 positam.
1112 4229 1151 4284 Oi.
1172 4227 1281 4284 Sterk.

109 4319 145 4373 ad
164 4317 266 4374 Selzm.
287 4316 328 4370 ‘le
350 4315 499 4385 necropole
519 4315 553 4368 de
573 4313 707 4368 (lamiros’
729 4314 803 4383 opud
822 4313 948 4368 Bursian.
968 4326 1031 4364 ann.
1051 4311 1063 4363 I
1082 4316 1098 4363 2
1118 4329 1145 4380 p.
1162 4315 1229 4365 1531
1241 4327 1281 4378 sq.

2 4477 5 4590 ρ

180 4399 208 4466 2)
227 4395 266 4450 ot.
286 4397 389 4451 revue
408 4396 498 4450 arch.
517 4393 572 4449 vol.
592 4392 658 4448 Vlll
676 4411 703 4462 p.
726 4399 784 4450 169.

1034 4481 1070 4534 9*
